@article{liu2014,
author = {Yan Liu* and Guang Chen and Lingli Hu and Yan Huang and Mark Chang and Charles Contrino},
title = {Improving images below shallow gas clouds with adaptive data-selection FWI and Q-tomography: A case study at East Breaks, GOM},
journal  = {SEG Technical Program Expanded Abstracts 2014},
chapter = {209},
pages = {1099-1104},
doi = {10.1190/segam2014-0565.1},
URL = {http://library.seg.org/doi/abs/10.1190/segam2014-0565.1},
eprint = {http://library.seg.org/doi/pdf/10.1190/segam2014-0565.1}
}


@article{alejo,
author = {Alejo Mart\'{i}nez-Sansigre* and Andrew Ratcliffe},
title = {A probabilistic QC for cycle-skipping in full waveform inversion},
journal = {SEG Technical Program Expanded Abstracts 2014},
chapter = {210},
pages = {1105-1109},
doi = {10.1190/segam2014-0282.1},
URL = {http://library.seg.org/doi/abs/10.1190/segam2014-0282.1},
eprint = {http://library.seg.org/doi/pdf/10.1190/segam2014-0282.1}
}

@article{qa-fwi,
author = {Nikhil Shah and Mike Warner and Tenice Nangoo and Adrian Umpleby and Ivan Stekl and Jo Morgan and Llu\'{i}s Guasch},
title = {Quality assured full-waveform inversion: Ensuring starting model adequacy},
journal = {SEG Technical Program Expanded Abstracts 2012},
chapter = {499},
pages = {1-5},
doi = {10.1190/segam2012-1228.1},
URL = {http://library.seg.org/doi/abs/10.1190/segam2012-1228.1},
eprint = {http://library.seg.org/doi/pdf/10.1190/segam2012-1228.1}
}


