
% ------------------------------------------------------------
% THESIS
% ------------------------------------------------------------

@Book{Sava.thesis,
  author =       {P[aul] Sava},
  title =        {Migration and velocity analysis by wavefield extrapolation},
  publisher =    {{PhD} thesis, {S}tanford {U}niversity},
  year =         2004
}


% ------------------------------------------------------------
% ARTICLES
% ------------------------------------------------------------

@Article{SavaFomel.geo.hwt,
   author = { P[aul] Sava and S[ergey] Fomel },
   title = {{3-D} traveltime computation by {H}uygens wavefront tracing},
   journal = {Geophysics},
   year = {2001},
   volume = {66},
   number = {3},
   pages = {883--889}
}

@Article{RickettSava.geo.img,
   author = {J[ames] Rickett  and P[aul] Sava},
   title = {Offset and angle-domain common image-point gathers for shot-profile migration},
   journal = {Geophysics},
   year = {2002},
   volume = {67},
   number = {3},
   pages = {883--889}
}

@Article{Fomel.gp.2003,
  author =  { S[ergey] Fomel and P[aul] Sava and J[ames] Rickett and J[on] F[] Claerbout },
  title =   { The {Wilson-Burg} method of spectral factorization with application to helical filtering },
  journal = { Geophysical Prospecting },
  year =    { 2003 },
  volume =  { 51 },
  pages =   { 409--420 }
}

@Article{Sava.geo.srm,
  author =  { P[aul] Sava },
  title =   { Prestack residual migration in the frequency domain },
  journal = {Geophysics },
  year =    {2003},
  volume =  {67},
  number =  {2},
  pages=    {634--640}
}

@Article{SavaFomel.geo.ang,
  author =  { P[aul] Sava and S[ergey] Fomel },
  title =   { Angle-domain common image gathers by wavefield continuation methods },
  journal = {Geophysics},
  year =   {2003},
  volume = {68},
  number = {3},
  pages =  {1065--1074}
}

@Article{SavaBiondi.gp.wemva1,
  author =  { P[aul] Sava and B[iondo] Biondi },
  title =   { Wave-equation migration velocity analysis - {I}: {Theory} },
  journal = {Geophysical Prospecting},
  year =   {2004},
  volume = {52},
  pages =  {593--606}
}

@Article{SavaBiondi.gp.wemva2,
  author =  { P[aul] Sava and B[iondo] Biondi },
  title =   { Wave-equation migration velocity analysis - {II}: {Subsalt} imaging examples},
  journal = {Geophysical Prospecting},
  year =   {2004},
  volume = {52},
  pages =  {607--623}
}

@Article{SavaGuitton.geo.mat,
  author =  { P[aul] Sava and A[ntoine] Guitton },
  title =   { Multiple attenuation in the image space },
  journal = {Geophysics},
  year =  {2005},
  volume = {70},
  pages = {V10-V20}
}

@Article{Sava.geo.fva,
  author =  { P[aul] Sava and B[iondo] Biondi and J[ohn] Etgen },
  title =   { Wave-equation migration velocity analysis by focusing diffractions and reflections },
  journal = {Geophysics},
  year =   {2005},
  volume = {70},
  number = {},
  pages =  {U19--U27}
}

@Article{SavaFomel.geo.rwe,
  author =  { P[aul] Sava and S[ergey] Fomel },
  title =   { Seismic imaging using {R}iemannian wavefield extrapolation},
  journal = {Geophysics},
  year =   {2005},
  volume = {70},
  number = {3},
  pages =  {T45--T56}
}

@Article{SavaFomel.geo.tsic,
  author =  { P[aul] Sava and S[ergey] Fomel },
  title =   { Time-shift imaging condition in seismic migration},
  journal = {Geophysics},
  year =   {2006},
  volume = {71},
  number = {6},
  pages =  {S209--S217}
}

@Article{SavaFomel.jse.rwesalt,
   author = { P[aul] Sava and S[ergey] Fomel },
   title = { Imaging overturning reflections by {R}iemannian wavefield extrapolation},
   journal = {{J}ournal of {S}eismic {E}xploration},
   year = {2006},
   volume = {15},
   number = {3},
   pages = {209--223}
}

@Article{SavaFomel.gp.rwehigh,
   author = { P[aul] Sava and S[ergey] Fomel },
   title = { High-order kernels for {R}iemannian wavefield extrapolation},
   journal = {{G}eophysical {P}rospecting},
   year = {2007},
   volume = {56},
   pages = {49--60}
}

@Article{Sava.tle.srw2006,
   author = { P[aul] Sava },
   title = { Subsalt Exploration and Development: Imaging, Interpretation, and Drilling - What have we learned?},
   journal = { {T}he {L}eading {E}dge},
   year = {2006},
   volume = {25},
   number = {},
   pages = {1370--1376}
}

@Article{Sava.geo.stereo,
  author =  { P[aul] Sava },
  title =   { Stereographic imaging condition for wave-equation migration},
  journal = {Geophysics (Letters)},
  volume = {72},
  year =   {2007},
  number = {6},
  pages =  {A87-A91}
}

@Article{SavaPoliannikov.geo.iic,
   author = { P[aul] Sava and O[leg] Poliannikov },
   title = { Interferometric imaging condition for wave-equation migration},
   journal = {{G}eophysics},
   year = {2008},
   volume = {73},
   number = {2},
   pages = {S47--S61}
}

@Article{Rosales.geo.converted,
   author = { D[] Rosales and  S[] Fomel and B[] Biondi and P[aul] Sava},
   title = { Wave-equation angle-domain common-image gathers for converted waves},
   journal = {{G}eophysics},
   year = {2008},
   volume = {73},
   number = {1},
   pages = {S17--S26},
}

@Article{SavaVlad.geo.wemva,
   author = { P[aul] Sava and I[oan] Vlad },
   title = { Numeric implementation of wave-equation migration velocity analysis operators},
   journal = {{G}eophysics},
   year = {2008},
   volume = {73},
   number = {},
   pages = {VE145--VE159}
}

@Article{YanSava.geo.elasticic,
   author = { J[ia] Yan and P[aul] Sava},
   title = {Isotropic angle-domain elastic reverse-time migration},
   journal = {{G}eophysics},
   year = {2008},
   volume = {73},
   number = {6},
   pages = {S229--S239}
}

@Article{VasconcelosEtAl.eos.safod,
   author = { I[van] Vasconcelos and R[oel] Snieder and P[aul] Sava and T[om] Taylor and P[eter] Malin and A[ndres] Chavarria},
   title = {Drill Bit Noise Illuminates the {S}an {A}ndreas Fault},
   journal = {{EOS}, {T}ransactions, {A}merican {G}eophysical {U}nion},
   year = {2008},
   volume = {89},
   number = {38},
   pages = {349}
}


@Article{SavaHill.tle.weitutorial,
   author = { P[aul] Sava and S[teve] Hill},
   title = { Overview and classification of wave-equation depth imaging methods},
   journal = { {T}he {L}eading {E}dge},
   year = {2009},
   volume = {28},
   number = {},
   pages = {170--183}
}

@Article{YanSava.geo.separate,
   author = {J[ia] Yan and P[aul] Sava},
   title = { Elastic wavefield separation for {VTI} media},
   journal = {{G}eophysics},
   year = {2009},
   volume = {74},
   number = {5},
   pages = {WB19--WB32}
}

@Article{SilvaSava.gp.isochron,
   author = {E[duardo] Silva and P[aul] Sava},
   title = { Modeling and migration with orthogonal isochron rays},
   journal = {{G}eophysical {P}rospecting},
   year = {2009},
   volume = {57},
   number = {},
   pages = {773--784}
}

@Article{YangSava.geo.mixlag,
   author = {T[ongning] Yang and P[aul] Sava},
   title = { Moveout analysis of wave-equation extended images},
   journal = {{G}eophysics},
   year = {2010},
   volume = {75},
   number = {4},
   pages = {151--161}
}

@Article{XuanSava.geo.meqimaging,
   author = {R[an] Xuan and P[aul] Sava},
   title = {Probabilistic micro-earthquake location for reservoir monitoring},
   journal = {{G}eophysics},
   year = {2010},
   volume = {75},
   number = {3},
   pages = {9--26},
   doi = {10.1190/1.3417757}
}

@Article{MaSava.jse.fractal,
   author = { Y[ong] Ma and P[aul] Sava},
   title = {The effects of multi-scale heterogeneities on wave-equation migration},
   journal = {{J}ournal of {S}eismic {E}xploration},
   year = {2009},
   volume = {18},
   number = {4},
   pages = {357--383}
}

@Article{AlkhalifahSava.geo.dti,
   author = {T[ariq] Alkhalifah and P[aul] Sava},
   title = { A transversely isotropic medium with a tilted symmetry axis normal to the reflector},
   journal = {{G}eophysics ({L}etters)},
   year = {2010},
   volume = {75},
   number = {3},
   pages = {A19--A24}
}

@Article{SavaVasconcelos.gpr.eic,
   author = {P[aul] Sava and I[van] Vasconcelos},
   title = {Extended imaging condition for wave-equation migration},
   journal = {{G}eophysical {P}rospecting},
   year = {2011},
   volume = {59},
   number = {1},
   pages = {35--55}
}

@Article{VasconcelosEtAl.geo.nonlinearic,
   author = {I[van] Vasconcelos and P[aul] Sava and H[uub] Douma},
   title = {Nonlinear extended images via image-domain interferometry},
   journal = {{G}eophysics},
   year = {2010},
   volume = {75},
   number = {},
   pages = {SA105--SA115}
}

@Article{PerroneSava.gpr.encode,
   author = {F[rancesco] Perrone and P[aul] Sava},
   title = {Wave-equation migration with dithered plane waves},
   journal = {{G}eophysical {P}rospecting, submitted for publication},
   year = {2010},
   volume = {},
   number = {},
   pages = {}
}

@Article{SavaEtAl.geo.wet,
   author = {P[aul] Sava and P[aul] Fowler and U[we] Albertin},
   title = {Objective functions for seismic wavefield tomography},
   journal = {{G}eophysics ({L}etters), submitted for publication},
   year = {2010},
   volume = {},
   number = {},
   pages = {}
}

@Article{YanSava.gpr.ttisep,
   author = {J[ia] Yan and P[aul] Sava},
   title = {Elastic wavefield separation for {TTI} media},
   journal = {{G}eophysical {P}rospecting, submitted for publication},
   year = {2010},
   volume = {},
   number = {},
   pages = {}
}

@Article{YanSava.geo.efficient,
   author = {J[ia] Yan and P[aul] Sava},
   title = {Improving the efficiency of elastic wave-mode separation for heterogeneous {TTI} media},
   journal = {{G}eophysics, submitted for publication},
   year = {2010},
   volume = {},
   number = {},
   pages = {}
}

@Article{YangSava.gpr.famva,
   author = {T[ongning] Yang and P[aul] Sava},
   title = { Wave-equation migration velocity analysis with time-lag imaging},
   journal = {{G}eophysical {P}rospecting, submitted for publication},
   year = {2010},
   volume = {},
   number = {},
   pages = {}
}

@Article{SavaVlad.geo.waz,
   author = {P[aul] Sava and I[oan] Vlad},
   title = {Wide-azimuth angle gathers for wave-equation migration},
   journal = {{G}eophysics, submitted for publication},
   year = {2011},
   volume = {},
   number = {},
   pages = {}
}


@Article{Sava.pept.meqi,
   author = {P[aul] Sava},
   title = {Micro-earthquake monitoring with sparsely-sampled data},
   journal = {{J}ournal of {P}etroleum {E}xploration and {P}roduction {T}echnology, submitted for publication},
   year = {2011},
   volume = {},
   number = {},
   pages = {}
}

@Article{AlkhalifahSava.ijgp.dti,
   author = {T[ariq] Alkhalifah and P[aul] Sava},
   title = {Migration using a transversely isotropic medium with tilt normal to the reflector dip},   
   journal = {International {J}ournal of {G}eophysics, submitted for publication},
   year = {2011},
   volume = {},
   number = {},
   pages = {}
}




% ------------------------------------------------------------
% ABSTRACTS
% ------------------------------------------------------------

%% 
 % 1994
 %%

@incollection{SavaSava.eageab.1994,
   author    = {C[onstantin]-S[tefan] Sava and P[aul] Sava},
   year      = {1994},
   title     = {Contributions of the Marine Gravity and Magnetic Survey to the Geological Knowledge on the {B}lack {S}ea Romanian Shelf ({I})},
   booktitle = {Abstracts},
   publisher = {Eur. Assoc. Geosc. Eng.},
   meeting   = {56th Mtg.},
   pages     = {}
}

%% 
 % 1995
 %%

@incollection{Sava.workshop.1995,
   author    = {P[aul] Sava},
   year      = {1995},
   title     = {Numerical studies on solving tomographic systems with iterative algorithms},
   booktitle = {},
   publisher = {University of Aarhus, Denmark},
   meeting   = {Interdisciplinary Inversion Conference on Methodology, Computation and Integrated Applications},
   pages     = {}
}

@incollection{SavaSava.rsgab.1995,
   author    = {C[onstantin]-S[tefan] Sava and P[aul] Sava},
   year      = {1995},
   title     = {Quo Vadit Bouguer Gravity Anomaly?},
   booktitle = {Extended Abstracts},
   publisher = {Romanian Society of Geophysics},
   meeting   = {},
   pages     = {P12}
}

%% 
 % 1996
 %%

@incollection{Sava.bgsab.1996,
   author    = {C[onstantin]-S[tefan] Sava and I[] Morosanu and R[adu] Dimitriu and D[] Hannich and P[aul] Sava},
   year      = {1996},
   title     = {Intramoesian Structural Features Emphasized by Gravity and Magnetics Offshore {C}onstanta},
   booktitle = {Extended Abstracts},
   publisher = {Balkan Geophysical Society},
   meeting   = {First Congress of the Balkan Geophysical Society},
   pages     = {}
}

%% 
 % 1997
 %%

%% 
 % 1998
 %%

@inproceedings{SavaFomel.segab.1998,
   author    = {P[aul] Sava and S[ergey] Fomel},
   year      = {1998},
   title     = {Huygens wavefront tracing: {A} robust alternative to ray tracing},
   booktitle = {Expanded Abstracts},
   meeting   = {68th Annual International Meeting, SEG},
   pages     = {1961--1964}
}

%% 
 % 1999
 %%

@inproceedings{BiondiSava.segab.1999,
   author    = {B[iondo] Biondi and P[aul] Sava},
   year      = {1999},
   title     = {Wave-equation migration velocity analysis},
   booktitle = {Expanded Abstracts},
   meeting   = {69th Annual International Meeting, SEG},
   pages     = {1723--1726}
}

@inproceedings{SavaFomel.siam.1999,
   author    = {P[aul] Sava and S[ergey] Fomel},
   year      = {1999},
   title     = {3-{D} traveltime computation by {H}uygens wavefront tracing},
   booktitle = {Abstracts},
   publisher = {Society of Industrial and Applied Mathematics},
   meeting   = {SIAM Conference on Mathematical and Computational Issues in the Geosciences},
   pages     = {}
}

@inproceedings{Biondi.bgsab.1999,
   author    = {B[iondo] Biondi and M[arie] Prucha and P[aul] Sava},
   year      = {1999},
   title     = {{3-D} wave-equation prestack imaging under salt},
   publisher = {Brazilian Geophysical Society},
   booktitle = {Expanded Abstracts},
   meeting   = {6th International Congress of the Brazilian Geophysical Society},
   pages     = {}
}

%% 
 % 2000
 %%

@inproceedings{Sava.segab.2000,
   author    = {P[aul] Sava},
   year      = {2000},
   title     = {{P}restack {S}tolt residual migration for migration velocity analysis},
   booktitle = {Expanded Abstracts},
   meeting   = {70th Annual International Meeting, SEG},
   pages     = {992--995}
}

@inproceedings{Vaillant.segab.2000,
   author    = { L[ouis] Vaillant and H[enri] Calandra and P[aul] Sava and B[iondo] Biondi },
   year      = {2000},
   title     = {{3-D} wave-equation imaging of a {N}orth {S}ea dataset: {C}ommon-azimuth migration + residual migration},
   booktitle = {Expanded Abstracts},
   meeting   = {70th Annual International Meeting, SEG},
   pages     = {874--877}
}

@inproceedings{Vaillant.eageab.2000,
   author    = {L[ouis] Vaillant and H[enri] Calandra and P[aul] Sava and B[iondo] Biondi},
   year      = {2000},
   title     = {3-{D} prestack wave-equation migration of {N}orth {S}ea common-azimuth data},
   booktitle = {Abstracts},
   publisher = {Eur. Assoc. Expl. Geophys.},
   meeting   = {62nd Mtg.},
   pages     = {}
}

@inproceedings{Biondi.eageab.2000,
   author    = {B[iondo] Biondi and L[ouis] Vaillant and P[aul] Sava},
   year      = {2000},
   title     = {Wave-equation Imaging of 3-{D} Reflection Seismic Data},
   booktitle = {Abstracts},
   publisher = {Eur. Assoc. Expl. Geophys.},
   meeting   = {62nd Mtg.},
   pages     = {}
}

%% 
 % 2001
 %%

@inproceedings{RickettSava.segab.2001,
   author    = {J[ames] Rickett and P[aul] Sava},
   year      = {2001},
   title     = {Offset and angle domain common-image gathers for shot-profile migration},
   booktitle = {Expanded Abstracts},
   meeting   = {71st Annual International Meeting, SEG},
   pages     = {1115--1118}
}

@inproceedings{Sava.segab.2001,
   author    = {P[aul] Sava and B[iondo] Biondi and S[ergey] Fomel},
   year      = {2001},
   title     = {Amplitude-preserved common image gathers by wave-equation migration},
   booktitle = {Expanded Abstracts},
   meeting   = {71st Annual International Meeting, SEG},
   pages     = {296--299}
}

@inproceedings{Sava.workshop.2001,
   author    = {P[aul] Sava and J[ames] Rickett and M[arie] Prucha and B[iondo] Biondi},
   year      = {2001},
   title     = {Amplitude-preserving wave-equation imaging},
   booktitle = {},
   meeting   = {Research workshop},
   publisher = {Soc. of Expl. Geophys.},
   pages     = {}
}

%% 
 % 2002
 %%

@inproceedings{Sava.segab.2002,
   author    = {P[aul] Sava and S[ergey] Fomel},
   year      = {2002},
   title     = {Wave-equation migration velocity analysis beyond the {B}orn approximation},
   booktitle = {Expanded Abstracts},
   meeting   = {72nd Annual International Meeting, SEG},
   pages     = {2285--2288}
}

@inproceedings{Rosales.segab.2002,
   author    = {D[aniel] Rosales and B[iondo] Biondi and P[aul] Sava},
   year      = {2002},
   title     = {Stolt prestack residual migration for converted waves},
   booktitle = {Expanded Abstracts},
   meeting   = {72nd Annual International Meeting, SEG},
   pages     = {986--989}
}

@inproceedings{Biondi.eageab.2002,
   author    = {B[iondo] Biondi and R[ober] Clapp and P[aul] Sava and M[arie] Prucha},
   year      = {2002},
   title     = {{3-D} prestack wave-equation imaging: a rapidly evolving technology},
   booktitle = {Abstracts},
   publisher = {Eur. Assoc. Expl. Geophys.},
   meeting   = {64th Mtg.},
   pages     = {}
}

%% 
 % 2003
 %%

@inproceedings{SavaGuitton.segab.2003,
   author    = {P[aul] Sava and A[ntoine] Guitton},
   year      = {2003},
   title     = {Multiple attenuation in the image space},
   booktitle = {Expanded Abstracts},
   meeting   = {73rd Annual International Meeting, SEG},
   pages     = {1933--1936}
}

@inproceedings{SavaBiondi.segab.2003,
   author    = {P[aul] Sava and B[iondo] Biondi},
   year      = {2003},
   title     = {Wave-equation migration velocity analysis by inversion of differential image perturbations},
   booktitle = {Expanded Abstracts},
   meeting   = {73rd Annual International Meeting, SEG},
   pages     = {2124--2127}
}

@inproceedings{SavaBiondi.eageab.2003,
   author    = {P[aul] Sava and B[iondo] Biondi},
   year      = {2003},
   title     = {Analytical image perturbations for wave-equation migration velocity analysis},
   booktitle = {Abstracts},
   publisher = {Eur. Assoc. Expl. Geophys.},
   meeting   = {65th Mtg.},
   pages     = {}
}

@inproceedings{SavaBiondi.workshop.2003,
   author    = {P[aul] Sava and B[iondo] Biondi},
   year      = {2003},
   title     = {Migration velocity analysis by recursive wavefield extrapolation},
   booktitle = {Abstracts},
   publisher = {Eur. Assoc. Expl. Geophys.},
   meeting   = {EAGE/SEG Research Workshop},
   pages     = {}
}

@inproceedings{SavaGuitton.workshop.2003,
   author    = {P[aul] Sava and A[ntoine] Guitton},
   year      = {2003},
   title     = {Multiple attenuation after migration},
   booktitle = {Abstracts},
   publisher = {Eur. Assoc. Expl. Geophys.},
   meeting   = {EAGE/SEG Research Workshop},
   pages     = {}
}

@inproceedings{Sava.siam.2003,
   author    = {P[aul] Sava and B[iondo] Biondi and S[ergey] Fomel},
   year      = {2003},
   title     = {Wave-equation migration velocity analysis},
   booktitle = {Abstracts},
   publisher = {Society of Industrial and Applied Mathematics},
   meeting   = {SIAM Conference on Mathematical and Computational Issues in the Geosciences},
   pages     = {}
}

%% 
 % 2004
 %%

@inproceedings{SavaFomel.segab.2004,
   author    = {P[aul] Sava and S[ergey] Fomel},
   year      = {2004},
   title     = {Wavefield extrapolation in {R}iemannian coordinates},
   booktitle = {Expanded Abstracts},
   meeting   = {74th Annual International Meeting, SEG},
   pages     = {1049--1052}
}

@inproceedings{Sava.segab.2004,
   author    = {P[aul] Sava and B[iondo] Biondi and J[ohn] Etgen},
   year      = {2004},
   title     = {Diffraction-focusing migration velocity analysis},
   booktitle = {Expanded Abstracts},
   meeting   = {74th Annual International Meeting, SEG},
   pages     = {2395--2398}
}

@inproceedings{ShraggeSava.segab.2004,
   author    = {J[eff] Shragge and P[aul] Sava},
   year      = {2004},
   title     = {Adaptive phase-rays wavefield extrapolation},
   booktitle = {Expanded Abstracts},
   meeting   = {74th Annual International Meeting, SEG},
   pages     = {2044--2047}
}

@inproceedings{SavaFomel.eageab.2004,
   author    = {P[aul] Sava and S[ergey] Fomel},
   year      = {2004},
   title     = {Seismic modeling with {R}iemannian wavefield extrapolation},
   booktitle = {Abstracts},
   publisher = {Eur. Assoc. Expl. Geophys.},
   meeting   = {66th Mtg., Eur. Assoc. Geosc. Eng.},
   pages     = {}
}

@inproceedings{SavaBiondi.workshop.2004,
   author    = {P[aul] Sava and B[iondo] Biondi},
   year      = {2004},
   title     = {Wave-equation migration velocity analysis},
   publisher = {Eur. Assoc. Expl. Geophys.},
   meeting   = {EAGE/SEG Research Workshop},
   pages     = {}
}

@inproceedings{Sava.aguab.2004,
   author    = {P[aul] Sava and J[effrey] Shragge and S[ergey] Fomel},
   year      = {2004},
   title     = {One-way wavefield extrapolation in {R}iemannian coordinates},
   booktitle = {Abstracts},
   publisher = {American Geophysical Union},
   meeting   = {Fall meeting},
   pages     = {}
}

@inproceedings{ShraggeSave.aguab.2004,
   author    = {J[effrey] Shragge and P[aul] Sava},
   year      = {2004},
   title     = {Incorporating topography into crustal-scale wave-equation imaging through conformal mapping},
   booktitle = {Abstracts},
   publisher = {American Geophysical Union},
   meeting   = {Fall meeting},
   pages     = {}
}

@inproceedings{Irving.aguab.2004,
   author    = {J[ames] Irving and P[aul] Sava and R[osemary] Knight and B[iondo] Biondi},
   year      = {2004},
   title     = {Ground-penetrating radar diffraction velocity analysis},
   booktitle = {Abstracts},
   publisher = {American Geophysical Union},
   meeting   = {Spring meeting},
   pages     = {}
}

%% 
 % 2005
 %%

@inproceedings{SavaFomel.segab3.2005,
   author    = {P[aul] Sava and S[ergey] Fomel},
   year      = {2005},
   title     = {Time-shift imaging condition},
   booktitle = {Expanded Abstracts},
   meeting   = {75th Annual International Meeting, SEG},
   pages     = {1850--1853}
}

@inproceedings{SavaFomel.segab2.2005,
   author    = {P[aul] Sava and S[ergey] Fomel},
   year      = {2005},
   title     = {Coordinate-independent angle-gathers for wave equation migration},
   booktitle = {Expanded Abstracts},
   meeting   = {75th Annual International Meeting, SEG},
   pages     = {2052--2055}
}

@inproceedings{SavaFomel.segab1.2005,
   author    = {P[aul] Sava and S[ergey] Fomel},
   year      = {2005},
   title     = {Wave-equation common-angle gathers for converted waves},
   booktitle = {Expanded Abstracts },
   meeting   = {75th Annual International Meeting, SEG},
   pages     = {947--950}
}

@inproceedings{SavaFomel.bgsab.2005,
   author    = {P[aul] Sava and S[ergey] Fomel},
   year      = {2005},
   title     = {Time-shift wave-equation imaging},
   booktitle = {Extended Abstracts},
   publisher = {Balkan Geophysical Society},
   meeting   = {4th Congress of the Balkan Geophysical Society},
   pages     = {}
}

@inproceedings{SavaFomel.workshop.2005,
   author    = {P[aul] Sava and S[ergey] Fomel},
   year      = {2005},
   title     = {Wave-equation angle-domain imaging for multicomponent seismic data},
   publisher = {Eur. Assoc. Expl. Geophys.},
   meeting   = {EAGE/SEG Research Workshop},
   pages     = {}
}

@inproceedings{ShraggeSava.segab.2005,
   author    = {J[eff] Shragge  and  P[aul] Sava},
   year      = {2005},
   title     = {Wave-equation migration from topography },
   booktitle = {Expanded Abstracts},
   meeting   = {75th Ann. Internat. Mtg.},
   publisher = {Soc. of Expl. Geophys.},
   pages     = {1842--1845}
}

@inproceedings{ShraggeSava.bgsab.2005,
   author    = {J[effrey] Shragge and P[aul] Sava},
   year      = {2005},
   title     = {Riemannian wavefield extrapolation of seismic data},
   booktitle = {Extended Abstracts},
   publisher = {Balkan Geophysical Society},
   meeting   = {4th Congress of the Balkan Geophysical Society},
   pages     = {}
}

%% 
 % 2006
 %%

@inproceedings{SavaFomel.segab.2006,
   author    = {P[aul] Sava and S[ergey] Fomel},
   year      = {2006},
   title     = {Time-shift imaging condition for converted waves},
   booktitle = {Expanded Abstracts},
   meeting   = {76th Annual International Meeting, SEG},
   pages     = {1850--1853}
}

@inproceedings{SavaFomel.eageab.2006,
   author    = {P[aul] Sava and S[ergey] Fomel},
   year      = {2006},
   title     = {Generalized imaging conditions for wave-equation migration},
   booktitle = {Abstracts},
   publisher = {Eur. Assoc. Expl. Geophys.},
   meeting   = {68th Mtg.},
   pages     = {}
}

@inproceedings{Albertin.eageab.2006,
   author    = {U[we] Albertin and P[aul] Sava and J[ohn] Etgen and M[] Maharramov},
   year      = {2006},
   title     = {Image differencing and focusing in wave-equation velocity analysis},
   booktitle = {Abstracts},
   publisher = {Eur. Assoc. Expl. Geophys.},
   meeting   = {68th Mtg.},
   pages     = {}
}

@inproceedings{AlbertinEtAl.segab.2006,
   author    = {U[we] Albertin and P[aul] Sava and J[ohn] Etgen and M[] Mahharamov},
   year      = {2006},
   title     = {Adjoint wave-equation velocity analysis},
   booktitle = {Expanded Abstracts},   
   meeting   = {76th Annual International Meeting, SEG},
   pages     = {3345--3349}
}


%% 
 % 2007
 %%

@inproceedings{SavaPoliannikov.eageab.2007,
   author    = {P[aul] Sava and O[leg] Pollianikov},
   year      = {2007},
   title     = {Interferometric imaging condition},
   booktitle = {Abstracts},
   publisher = {Eur. Assoc. Expl. Geophys.},
   meeting   = {69th Mtg.},
   pages     = {}
}

@inproceedings{SavaPoliannikov.segab.2007,
   author    = {P[aul] Sava and O[leg] Pollianikov},
   year      = {2007},
   title     = {Interferometric imaging condition for wave-equation migration},
   booktitle = {Expanded Abstracts},
   meeting   = {77th Annual International Meeting, SEG},
   pages     = {2330--2333}
}

@inproceedings{Sava.segab.2007,
   author    = {P[aul] Sava},
   year      = {2007},
   title     = {Stereographic imaging condition for wave-equation migration},
   booktitle = {Expanded Abstracts},
   meeting   = {77th Annual International Meeting, SEG},
   pages     = {2245--2248}
}

@inproceedings{YanSava.segab.2007,
   author    = {J[ia] Yan and P[aul] Sava},
   year      = {2007},
   title     = {Elastic wavefield imaging with scalar and vector potentials},
   booktitle = {Expanded Abstracts},
   meeting   = {77th Annual International Meeting, SEG},
   pages     = {2150--2153}
}

@inproceedings{Vasconcelos.segab.2007,
   author    = {I[] Vasconcelos and S[] Taylor and R[] Snieder and  A[] Chavarria and P[aul] Sava and P[] Malin},
   year      = {2007},
   title     = {Broadside interferometric and reverse-time imaging of the {S}an {A}ndreas fault at depth},
   booktitle = {Expanded Abstracts},
   meeting   = {77th Annual International Meeting, SEG},
   pages     = {2175--2178}
}

%% 
 % 2008
 %%

@inproceedings{Sava.eageab.2008,
   author    = {P[aul] Sava},
   year      = {2008},
   title     = {Interferometric seismic imaging of sparsely-sampled data},
   booktitle = {Abstracts},
   publisher = {Eur. Assoc. Expl. Geophys.},
   meeting   = {70th Mtg.},
   pages     = {}
}

@inproceedings{SilvaSava.eageab.2008,
   author    = {E[] Silva and P[aul] Sava},
   year      = {2008},
   title     = {Wave equation migration using isochron rays},
   booktitle = {Abstracts},
   publisher = {Eur. Assoc. Expl. Geophys.},
   meeting   = {70th Mtg.},
   pages     = {}
}

@inproceedings{Sava.segab.2008,
   author    = {P[aul] Sava},
   year      = {2008},
   title     = {Micro-earthquake monitoring with sparsely-sampled data},
   booktitle = {Expanded Abstracts },
   meeting   = {78th Annual International Meeting, SEG},
   pages     = {1352--1355}
}

@inproceedings{YanSava.segab.2008,
   author    = {J[ia] Yan and P[aul] Sava},
   year      = {2008},
   title     = {Elastic wavefield separation for {VTI} media},
   booktitle = {Expanded Abstracts },
   meeting   = {78th Annual International Meeting, SEG},
   pages     = {2191--2194}
}

@inproceedings{YangSava.segab.2008,
   author    = {T[ongning] Yang and P[aul] Sava},
   year      = {2008},
   title     = {Wave-equation extended images applied to semblance and depth focusing velocity analysis},
   booktitle = {Expanded Abstracts},
   meeting   = {78th Annual International Meeting, SEG},
   pages     = {2351--2354}
}



%% 
 % 2009
 %%

@inproceedings{SavaVasconcelos.eageab.2009,
   author    = {P[aul] Sava and I[van] Vasconcelos},
   year      = {2009},
   title     = {Extended common-image-point gathers for wave-equation migration},
   booktitle = {Abstracts},
   publisher = {Eur. Assoc. Expl. Geophys.},
   meeting   = {71st Mtg.},
   pages     = {}
}

@inproceedings{VasconcelosEtAl.eageab.2009,
   author    = {I[van] Vasconcelos and P[aul] Sava and H[uub] Douma},
   year      = {2009},
   title     = {Image-domain interferometry and extended images},
   booktitle = {Abstracts},
   publisher = {Eur. Assoc. Expl. Geophys.},
   meeting   = {71st Mtg.},
   pages     = {}
}

@inproceedings{YanSava.eageab.2009,
   author    = {J[ia] Yan and P[aul] Sava},
   year      = {2009},
   title     = {{P}- and {SV}-mode separation in complex geology with {VTI} anisotropy},
   booktitle = {Abstracts},
   publisher = {Eur. Assoc. Expl. Geophys.},
   meeting   = {71st Mtg.},
   pages     = {}
}

@inproceedings{SavaVasconcelos.segab.2009,
   author    = {P[aul] Sava and I[van] Vasconcelos},
   year      = {2009},
   title     = {Efficient computation of extended images by wavefield-based migration},
   booktitle = {Expanded abstracts},
   meeting   = {79th Annual International Meeting, SEG},
   pages     = {2824-2828}
}

@inproceedings{YanSava.segab.2009,
   author    = {J[ia] Yan and P[aul] Sava},
   year      = {2009},
   title     = {Elastic wave mode separation for {TTI} media},
   booktitle = {Expanded abstracts},
   meeting   = {79th Annual International Meeting, SEG},
   pages     = {4294--4298}
}

@inproceedings{YangSava.segab.2009,
   author    = {T[ongning] Yang and P[aul] Sava},
   year      = {2009},
   title     = {Wave-equation migration velocity analysis using extended images},
   booktitle = {Expanded abstracts},
   meeting   = {79th Annual International Meeting, SEG},
   pages     = {3715--3719}
}

@inproceedings{XuanSava.segab.2009,
   author    = {R[an] Xuan and P[aul] Sava},
   year      = {2009},
   title     = {Probabilistic micro-earthquake location for reservoir monitoring},
   booktitle = {Expanded abstracts},
   meeting   = {79th Annual International Meeting, SEG},
   pages     = {1637--1641}
}

@inproceedings{MaSava.segab.2009,
   author    = {Y[ong] Ma and P[aul] Sava},
   year      = {2009},
   title     = {Effects of multi-scale velocity heterogeneities on wave-equation migration},
   booktitle = {Expanded abstracts},
   meeting   = {79th Annual International Meeting, SEG},
   pages     = {2732--2736}
}

@inproceedings{PerroneSava.segab.2009,
   author    = {F[rancesco] Perrone and P[aul] Sava},
   year      = {2009},
   title     = {Comparison of shot encoding functions for reverse-time migration},
   booktitle = {Expanded abstracts},
   meeting   = {79th Annual International Meeting, SEG},
   pages     = {2980--2984}
}

@inproceedings{MeloSava.segab.2009,
   author    = {G[briela] Melo and P[aul] Sava},
   year      = {2009},
   title     = {Resolution analysis of wide-azimuth angle decomposition for wave-equation migration},
   booktitle = {Expanded abstracts},
   meeting   = {79th Annual International Meeting, SEG},
   pages     = {2904--2908}
}

@inproceedings{VasconcelosEtAl.segab.2009,
   author    = {I[van] Vasconcelos and P[aul] Sava and H[uub] Douma},
   year      = {2009},
   title     = {Wave-equation extended images via image-domain interferometry},
   booktitle = {Expanded abstracts},
   meeting   = {79th Annual International Meeting, SEG},
   pages     = {2839--2843}
}

@inproceedings{YanSava.workshop.2009,
   author    = {J[ia] Yan and P[aul] Sava},
   year      = {2009},
   title     = {{3-D} elastic wave mode separation for {TTI} media},
   booktitle = {{P}ost-convention workshop "{A}re recent advances in {M}ulticomponent
technology meeting industry challenges and adding value"},
   meeting   = {79th Annual International Meeting, SEG},
   pages     = {}
}

@inproceedings{YangSava.eagessi.2009,
   author    = {T[ongning] Yang and P[aul] Sava},
   year      = {2009},   
   title     = {Wave-equation migration velocity analysis using focusing of extended images},
   meeting   = {Subsalt imaging workshop -- {F}ocus on {A}zimuth, Cairo, Egypt},
   pages     = {}
}

@inproceedings{Sava.eagessi.2009,
   author    = {P[aul] Sava},   
   year      = {2009},   
   title     = {Coordinate-independent extended images for wave-equation migration velocity analysis},
   meeting   = {Subsalt imaging workshop -- {F}ocus on {A}zimuth, Cairo, Egypt},
   pages     = {}
}




%% 
 % 2010
 %%

@inproceedings{SavaAlkhalifah.eaewkshop.2010,
   author    = {P[aul] Sava and T[ariq] Alkhalifah},
   year      = {2010},
   title     = {Extended common-image-point gathers for anisotropic wave-equation migration},
   booktitle = {{P}re-convention workshop "Migration Velocity Analysis in Anisotropic Media  –  What Is Possible and What Is Impossible"},
   meeting   = {72nd Annual Meeting, EAGE},
   pages     = {}
}

@inproceedings{AlkhalifahSava.eaewkshop.2010,
   author    = {T[ariq] Alkhalifah and P[aul] Sava},
   year      = {2010},
   title     = {Migration velocity analysis using a transversely isotropic medium with tilt normal to the reflector dip},
   booktitle = {{P}re-convention workshop "Migration Velocity Analysis in Anisotropic Media  –  What Is Possible and What Is Impossible"},
   meeting   = {72nd Annual Meeting, EAGE},
   pages     = {}
}

@inproceedings{GodwinSava.eaewkshop.2010,
   author    = {J[eff] Godwin and P[aul] Sava},
   year      = {2010},
   title     = {Extended common-image-point gathers for anisotropic imaging with blended sources},
   booktitle = {{P}re-convention workshop "Migration Velocity Analysis in Anisotropic Media  –- What Is Possible and What Is Impossible"},
   meeting   = {72nd Annual Meeting, EAGE},
   pages     = {}
}

@inproceedings{YanSava.eageab.2010,
   author    = {J[ia] Yan and P[aul] Sava},
   year      = {2010},
   title     = {Efficient elastic wave-mode separation in {TTI} media},
   booktitle = {Abstracts},
   publisher = {Eur. Assoc. Expl. Geophys.},
   meeting   = {72nd Mtg.},
   pages     = {}
}

@inproceedings{YangSava.eageab.2010,
   author    = {T[ongning] Yang and P[aul] Sava},
   year      = {2010},
   title     = {Differential semblance wavefield tomography using extended images},
   booktitle = {Abstracts},
   publisher = {Eur. Assoc. Expl. Geophys.},
   meeting   = {72nd Mtg.},
   pages     = {}
}

@inproceedings{PerroneSava.eageab.2010,
   author    = {F[rancesco] Perrone and P[aul] Sava},
   year      = {2010},
   title     = {Wave-equation migration with dithered plane waves},
   booktitle = {Abstracts},
   publisher = {Eur. Assoc. Expl. Geophys.},
   meeting   = {72nd Mtg.},
   pages     = {}
}

@inproceedings{YanSava.segab.2010,
   author    = {J[ia] Yan and P[aul] Sava},
   year      = {2010},
   title     = {Analysis of converted-wave extended images for migration velocity analysis},
   booktitle = {Expanded abstracts},
   meeting   = {80th Annual International Meeting, SEG},
   pages     = {}
}

@inproceedings{YangSava.segab.2010,
   author    = {T[ongning] Yang and P[aul] Sava},
   year      = {2010},
   title     = {Wave-equation migration velocity analysis with extended common-image-point gathers},
   booktitle = {Expanded abstracts},
   meeting   = {80th Annual International Meeting, SEG},
   pages     = {}
}

@inproceedings{GodwinSava.segab.2010,
   author    = {J[eff] Godwin and P[aul] Sava},
   year      = {2010},
   title     = {Blended source imaging by amplitude encoding},
   booktitle = {Expanded abstracts},
   meeting   = {80th Annual International Meeting, SEG},
   pages     = {}
}
