@ARTICLE{917976, 
author={Soo-Chang Pei and Peng-Hua Wang}, 
journal={Circuits and Systems I: Fundamental Theory and Applications, IEEE Transactions on}, title={Closed-form design of maximally flat FIR Hilbert transformers, differentiators, and fractional delayers by power series expansion}, 
year={Apr}, 
volume={48}, 
number={4}, 
pages={389-398}, 
keywords={FIR filters;Hilbert transforms;delay circuits;differentiating circuits;quantisation (signal);transfer functions;closed form;closed-form design;coefficient quantization;fractional delayers;maximally flat FIR Hilbert transformers;maximally flat digital differentiators;power series expansion;transfer functions;weighting coefficients;Delay;Finite impulse response filter;Frequency;Helium;Linearity;Polynomials;Quantization;Robustness;Transfer functions;Transformers}, 
doi={10.1109/81.917976}, 
ISSN={1057-7122}}


@article{chu,
author = {Chu, C. and Stoffa, P.},
title = {An implicit finite-difference operator for the Helmholtz equation},
journal = {GEOPHYSICS},
volume = {77},
number = {4},
pages = {T97-T107},
year = {2012},
doi = {10.1190/geo2011-0314.1},

URL = {http://library.seg.org/doi/abs/10.1190/geo2011-0314.1},
eprint = {http://library.seg.org/doi/pdf/10.1190/geo2011-0314.1}
}




