@inproceedings{ShenSymes.segab.2005,
  author = {P[eng] Shen and W[illiam] Symes and S[cott] Morton and H[enri] Calandra},
  title = {Differential semblance velocity analysis via shot profile migration},
  year = {2005},
  booktitle = {Expanded Abstracts},
  meeting = {74th Annual International Meeting, SEG},
  pages = {2249--2253}
}

@Article{BiondiSymes.adcig,
   author = {B[iondo] Biondi and W[illiam] Symes},
   title = {Angle-domain common-image gathers for migration velocity analysis by wavefield-continuation imaging},
   journal = {Geophysics},
   year = {2004},
   volume = {69},
   number = {},
   pages = {1283--1298}
}

@Article{Symes.gpr2009.velocity,
   author = {W[illiam] Symes},
   title = {Migration velocity analysis and waveform inversion},
   journal = {Geophysical Prospecting},
   year = {2009},
   volume = {56},
   number = {},
   pages = {765--790}
}


@inproceedings{Pratt.eageab.2004,
   author = {R[] G[erhard] Pratt},
   year = {2004},
   title = {Velocity models from Frequency-Domain Waveform Tomography: Past, Present and Future.},
   booktitle = {66th Conference and Exhibition of the EAGE, Paris, France},
   publisher = {EAGE}
}

@Article{SoubarasGratacos.geo.2007,
  author =       {R[] Soubaras and B[] Gratacos},
  title =        {Velocity model building by semblance maximization of modulated-shot gathers},
  journal =      {Geophysics},
  year =         2007,
  volume =       72,
  number =       5,
  pages =        {U67-U73}
}

@inproceedings{MaharramovAlbertin.segab.2007,
   author = {M[usa] Maharramov and U[we] Albertin},
   year = {2007},
   title = {Localized image-difference wave-equation tomography},
   booktitle = {Expanded Abstracts},
   meeting={75th Annual International Meeting, SEG},
   pages = {}
}

@article{VighStarr.geo.2008,
author = {Denes Vigh and E. William Starr},
collaboration = {},
title = {{3D} prestack plane-wave, full-waveform inversion},
publisher = {SEG},
year = {2008},
journal = {Geophysics},
volume = {73},
number = {5},
pages = {VE135-VE144},
keywords = {data acquisition; geophysical signal processing; geophysical techniques; inverse problems; seismology},
url = {http://link.aip.org/link/?GPY/73/VE135/1},
doi = {10.1190/1.2952623}
}

@article{Plessix.geo.2009,
author = {Rene-Edouard Plessix},
collaboration = {},
title = {Three-dimensional frequency-domain full-waveform inversion with an iterative solver},
publisher = {SEG},
year = {2009},
journal = {Geophysics},
volume = {74},
number = {6},
pages = {WCC53-WCC61},
keywords = {data acquisition; seafloor phenomena; seismic waves; seismology},
url = {http://link.aip.org/link/?GPY/74/WCC53/1},
doi = {10.1190/1.3211198}
}

@article{ZhangWang.geo.2009,
author = {Yu Zhang and Daoliu Wang},
collaboration = {},
title = {Traveltime information-based wave-equation inversion},
publisher = {SEG},
year = {2009},
journal = {Geophysics},
volume = {74},
number = {6},
pages = {WCC27-WCC36},
keywords = {elasticity; geophysical signal processing; geophysical techniques; image processing; rocks; seismic waves; seismology},
url = {http://link.aip.org/link/?GPY/74/WCC153/1},
doi = {10.1190/1.3243073}
}

@article{HaEtAl.geo.2009,
author = {Taeyoung Ha and Wookeen Chung and Changsoo Shin},
collaboration = {},
title = {Waveform inversion using a back-propagation algorithm and a {H}uber function norm},
publisher = {SEG},
year = {2009},
journal = {Geophysics},
volume = {74},
number = {3},
pages = {R15-R24},
keywords = {least squares approximations; oceanographic techniques; seismic waves; seismology; waveform analysis},
url = {http://link.aip.org/link/?GPY/74/R15/1},
doi = {10.1190/1.3112572}
}

@article{ShinHa.geo.2008,
author = {Changsoo Shin and Wansoo Ha},
collaboration = {},
title = {A comparison between the behavior of objective functions for waveform inversion in the frequency and {L}aplace domains},
publisher = {SEG},
year = {2008},
journal = {Geophysics},
volume = {73},
number = {5},
pages = {VE119-VE133},
keywords = {seismic waves; seismology},
url = {http://link.aip.org/link/?GPY/73/VE119/1},
doi = {10.1190/1.2953978}
}

@article{MinShin.geo.2006,
author = {Dong-Joo Min and Changsoo Shin},
collaboration = {},
title = {Refraction tomography using a waveform-inversion back-propagation technique},
publisher = {SEG},
year = {2006},
journal = {Geophysics},
volume = {71},
number = {3},
pages = {R21-R30},
keywords = {seismic waves; seismology; wave equations},
url = {http://link.aip.org/link/?GPY/71/R21/1},
doi = {10.1190/1.2194522}
}

@inproceedings{LeeuwenMulder.segabs.2007,
author = {T. van Leeuwen and W. A. Mulder},
year = {2007},
title = {Data correlation for velocity inversion},
booktitle = {Expanded Abstracts},
meeting   = {77th Annual International Meeting, SEG},
pages = {1800-1804}
}
@Article{Tristan,
   author = {T[] van Leeuwen and W[] A[] Mulder},
   title = {A correlation-based misfit criterion for wave-equation traveltime tomography},
   journal = {Geophysical Journal International},
   year = {2010},
   volume = {182},
   number = {},
   pages = {1383--1394}
}

@article{ShenSymes.geo.2008,
author = {Peng Shen and William W. Symes},
collaboration = {},
title = {Automatic velocity analysis via shot profile migration},
publisher = {SEG},
year = {2008},
journal = {Geophysics},
volume = {73},
number = {5},
pages = {VE49-VE59},
keywords = {geophysical prospecting; geophysical signal processing; seismic waves; seismology},
url = {http://link.aip.org/link/?GPY/73/VE49/1},
doi = {10.1190/1.2972021}
}

@Article{Plessix.gji2006.asm,
   author = {R[]-E[] Plessix},
   title = {A review of the adjoint state method for computing the gradient of a functional with geophysical applications},
   journal = {Geophysical Journal International},
   year = {2006},
   volume = {167},
   number = {},
   pages = {495--503}
}

@Article{LeeuwenMulder.gji2010.cof,
   author = {T[] van Leeuwen and W[] A[] Mulder},
   title = {A correlation-based misfit criterion for wave-equation traveltime tomography},
   journal = {Geophysical Journal International},
   year = {2010},
   volume = {182},
   number = {},
   pages = {1383--1394}
}


@article{VirieuxFWI,
author = {Virieux, J. and Operto, S.},
title = {An overview of full-waveform inversion in exploration geophysics},
journal = {Geophysics},
volume = {74},
number = {6},
pages = {WCC1-WCC26},
year = {2009},
doi = {10.1190/1.3238367},
URL = {http://library.seg.org/doi/abs/10.1190/1.3238367},
eprint = {http://library.seg.org/doi/pdf/10.1190/1.3238367}
}


@article{Krebs2009,
author = {Krebs, J. and Anderson, J. and Hinkley, D. and Neelamani, R. and Lee, S. and Baumstein, A. and Lacasse, M.},
title = {Fast full-wavefield seismic inversion using encoded sources},
journal = {Geophysics},
volume = {74},
number = {6},
pages = {WCC177-WCC188},
year = {2009},
doi = {10.1190/1.3230502},
URL = {http://library.seg.org/doi/abs/10.1190/1.3230502},
eprint = {http://library.seg.org/doi/pdf/10.1190/1.3230502}
}


@article{Ali2011,
author = {Ben-Hadj-Ali, H. and Operto, S. and Virieux, J.},
title = {An efficient frequency-domain full waveform inversion method using simultaneous encoded sources},
journal = {Geophysics},
volume = {76},
number = {4},
pages = {R109-R124},
year = {2011},
doi = {10.1190/1.3581357},
URL = {http://library.seg.org/doi/abs/10.1190/1.3581357},
eprint = {http://library.seg.org/doi/pdf/10.1190/1.3581357}
}

@article{Pratt99,
author = {Pratt, R.},
title = {Seismic waveform inversion in the frequency domain, Part 1: Theory and verification in a physical scale model},
journal = {Geophysics},
volume = {64},
number = {3},
pages = {888-901},
year = {1999},
doi = {10.1190/1.1444597},

URL = {http://library.seg.org/doi/abs/10.1190/1.1444597},
eprint = {http://library.seg.org/doi/pdf/10.1190/1.1444597}
}

@article{Bunks95,
author = {Bunks, C. and Saleck, F. and Zaleski, S. and Chavent, G.},
title = {Multiscale seismic waveform inversion},
journal = {Geophysics},
volume = {60},
number = {5},
pages = {1457-1473},
year = {1995},
doi = {10.1190/1.1443880},

URL = {http://library.seg.org/doi/abs/10.1190/1.1443880},
eprint = {http://library.seg.org/doi/pdf/10.1190/1.1443880}
}


@article{rickettXlags,
author = {James E. Rickett and Paul C. Sava},
collaboration = {},
title = {Offset and angle-domain common image-point gathers for shot-profile migration},
publisher = {SEG},
year = {2002},
journal = {Geophysics},
volume = {67},
number = {3},
pages = {883-889},
keywords = {tomography; seismology; seismic waves; acoustic imaging; geophysics computing; geophysical techniques},
url = {http://link.aip.org/link/?GPY/67/883/1},
doi = {10.1190/1.1484531}
}

@article{shen:2132,
author = {Peng Shen and William W. Symes and Christiaan C. Stolk},
collaboration = {},
title = {Differential semblance velocity analysis by wave-equation migration},
publisher = {SEG},
year = {2003},
journal = {SEG Technical Program Expanded Abstracts},
volume = {22},
number = {1},
pages = {2132-2135},
url = {http://link.aip.org/link/?SGA/22/2132/1},
doi = {10.1190/1.1817759}
}
@article{shen:VE49,
author = {Peng Shen and William W. Symes},
collaboration = {},
title = {Automatic velocity analysis via shot profile migration},
publisher = {SEG},
year = {2008},
journal = {Geophysics},
volume = {73},
number = {5},
pages = {VE49-VE59},
keywords = {geophysical prospecting; geophysical signal processing; seismic waves; seismology},
url = {http://link.aip.org/link/?GPY/73/VE49/1},
doi = {10.1190/1.2972021}
}


@article{tarantola,
   author = {A[] Tarantola},
   journal = {Geophysics},
   number = {08},
   pages = {1259-1266},
   publisher = {Soc. of Expl. Geophys.},
   title = {Inversion of seismic reflection data in the acoustic approximation},
   volume = {49},
   year = {1984}
}


@article{Luo91,
author = {Luo, Y. and Schuster, G.},
title = {Wave‚Äêequation traveltime inversion},
journal = {Geophysics},
volume = {56},
number = {5},
pages = {645-653},
year = {1991},
doi = {10.1190/1.1443081},

URL = {http://library.seg.org/doi/abs/10.1190/1.1443081},
eprint = {http://library.seg.org/doi/pdf/10.1190/1.1443081}
}


@article{Yang2011,
  author = {Tongning Yang and Paul Sava},
  title = {{I}mage-domain waveform tomography with two-way wave-equation},
  journal = {SEG Technical Program Expanded Abstracts 2011},
  volume = {508},
  pages = {2591-2596},
  year = {2011}
}


@article{YongMa,
author = {Ma, Y. and Hale, D. and Gong, B. and Meng, Z.},
title = {Image-guided sparse-model full waveform inversion},
journal = {Geophysics},
volume = {77},
number = {4},
pages = {R189-R198},
year = {2012},
doi = {10.1190/geo2011-0395.1},

URL = {http://library.seg.org/doi/abs/10.1190/geo2011-0395.1},
eprint = {http://library.seg.org/doi/pdf/10.1190/geo2011-0395.1}
}


@article{GuittonPrecondition,
author = {Guitton, A. and Ayeni, G. and D\'{i}az, E.},
title = {Constrained full-waveform inversion by model reparameterization1},
journal = {Geophysics},
volume = {77},
number = {2},
pages = {R117-R127},
year = {2012},
doi = {10.1190/geo2011-0196.1},

URL = {http://library.seg.org/doi/abs/10.1190/geo2011-0196.1},
eprint = {http://library.seg.org/doi/pdf/10.1190/geo2011-0196.1}
}

@article {GPR:GPR1025,
author = {Guitton, Antoine},
title = {Blocky regularization schemes for Full-Waveform Inversion‚òÖ},
journal = {Geophysical Prospecting},
volume = {60},
number = {5},
publisher = {Blackwell Publishing Ltd},
issn = {1365-2478},
url = {http://dx.doi.org/10.1111/j.1365-2478.2012.01025.x},
doi = {10.1111/j.1365-2478.2012.01025.x},
pages = {870--884},
keywords = {Full-Waveform Inversion, Inverse problems},
year = {2012},
}


@article{SavaVasconselos,
author = {Sava, Paul and Vasconcelos, Ivan},
title = {Extended imaging conditions for wave-equation migration},
journal = {Geophysical Prospecting},
volume = {59},
number = {1},
publisher = {Blackwell Publishing Ltd},
issn = {1365-2478},
url = {http://dx.doi.org/10.1111/j.1365-2478.2010.00888.x},
doi = {10.1111/j.1365-2478.2010.00888.x},
pages = {35--55},
keywords = {Imaging, Interferometry, Tomography, Velocity analysis, Wave-equation},
year = {2011},
}
@inproceedings{YangSava.eageab.2011,
   author    = {T[ongning] Yang and P[aul] Sava},
   year      = {2011},   
   title     = {Waveform Inversion in the Image Domain},
   booktitle = {Abstracts},
   publisher = {Eur. Assoc. Expl. Geophys.},
   meeting   = {73rd Mtg.},
   pages     = {}
}


@article{Zhang,
author = {Yang Zhang and Guojian Shan},
title = {Wave-equation migration velocity analysis using partial stack-power maximization},
booktitle = {SEG Technical Program Expanded Abstracts 2013},
chapter = {937},
   year      = {2013},   
pages = {4847-4852},
publisher={SEG},
doi = {10.1190/segam2013-0716.1},
URL = {http://library.seg.org/doi/abs/10.1190/segam2013-0716.1},
eprint = {http://library.seg.org/doi/pdf/10.1190/segam2013-0716.1}
}


@article{BiondiAli:2014,
author = {Biondo Biondi and Ali Almomin},
title = {Simultaneous inversion of full data bandwidth by tomographic full-waveform inversion},
journal = {GEOPHYSICS},
volume = {79},
number = {3},
pages = {WA129-WA140},
year = {2014},
doi = {10.1190/geo2013-0340.1},

URL = { 
        http://dx.doi.org/10.1190/geo2013-0340.1
    
},
eprint = { 
        http://dx.doi.org/10.1190/geo2013-0340.1
    
}

}






@article{YangSava:moveout,
author = {Tongning Yang and Paul Sava},
title = {Moveout analysis of wave-equation extended images},
journal = {GEOPHYSICS},
volume = {75},
number = {4},
pages = {S151-S161},
year = {2010},
doi = {10.1190/1.3460296},

URL = { 
        http://dx.doi.org/10.1190/1.3460296
    
},
eprint = { 
        http://dx.doi.org/10.1190/1.3460296
    
}

}


@article{guittonTLE,
author = { Antoine Guitton  and  Tariq Alkhalifah },
title = {An introduction to this special section: Full-waveform inversion and the way forward},
journal = {The Leading Edge},
volume = {32},
number = {9},
pages = {1026-1028},
year = {2013},
doi = {10.1190/tle32091026.1},

URL = { 
        http://dx.doi.org/10.1190/tle32091026.1
    
},
eprint = { 
        http://dx.doi.org/10.1190/tle32091026.1
    
}

}



@article{Sirgue,
author = {Sirgue, L. and Pratt, R.},
title = {Efficient waveform inversion and imaging: A strategy for selecting temporal frequencies},
journal = {Geophysics},
volume = {69},
number = {1},
pages = {231-248},
year = {2004},
doi = {10.1190/1.1649391},

URL = {http://library.seg.org/doi/abs/10.1190/1.1649391},
eprint = {http://library.seg.org/doi/pdf/10.1190/1.1649391}
}

@article{Woodward_1992,
author = {Woodward, M.},
title = {Wave-equation tomography},
journal = {Geophysics},
volume = {57},
number = {1},
pages = {15-26},
year = {1992},
doi = {10.1190/1.1443179},

URL = {http://library.seg.org/doi/abs/10.1190/1.1443179},
eprint = {http://library.seg.org/doi/pdf/10.1190/1.1443179}
}

@Article{SavaBiondi.gp.wemva1,
  author = {P[aul] Sava and B[iondo] Biondi},
  title = {Wave-equation migration velocity analysis - {I}: {Theory} },
  journal = {Geophysical Prospecting},
  year = {2004},
  volume = {52},
  pages = {593--606},
  doi = {10.1111/j.1365-2478.2004.00447.x}
}

@Article{SavaBiondi.gp.wemva2,
  author = {P[aul] Sava and B[iondo] Biondi},
  title = { Wave-equation migration velocity analysis - {II}: {Subsalt} imaging examples},
  journal = {Geophysical Prospecting},
  year = {2004},
  volume = {52},
  pages = {607--623},
  doi = {10.1111/j.1365-2478.2004.00448.x}
}


@article{shen:calandra,
author = {Shen, P. and Calandra, H.},
title = {One{-}way waveform inversion within the framework of adjoint state differential migration},
booktitle = {SEG Technical Program Expanded Abstracts 2005},
chapter = {436},
year = {2005},
pages = {1709-1712},
doi = {10.1190/1.2148027},
URL = {http://library.seg.org/doi/abs/10.1190/1.2148027},
eprint = {http://library.seg.org/doi/pdf/10.1190/1.2148027}
}





@article{valenciano:2009,
author = {Alejandro A. Valenciano and Biondo L. Biondi and Robert G. Clapp},
title = {Imaging by target-oriented wave-equation inversion},
journal = {GEOPHYSICS},
volume = {74},
number = {6},
pages = {WCA109-WCA120},
year = {2009},
doi = {10.1190/1.3250267},

URL = { 
        http://dx.doi.org/10.1190/1.3250267
    
},
eprint = { 
        http://dx.doi.org/10.1190/1.3250267
    
}

}



@article{FletcherLSM,
author = {Robin P. Fletcher and Stewart Archer and Dave Nichols and Weijian Mao},
title = {Inversion after depth imaging},
booktitle = {SEG Technical Program Expanded Abstracts 2012},
chapter = {546},
pages = {1-5},
doi = {10.1190/segam2012-0427.1},
year ={2012},
URL = {http://library.seg.org/doi/abs/10.1190/segam2012-0427.1},
eprint = {http://library.seg.org/doi/pdf/10.1190/segam2012-0427.1}
}





@article{cullison,
author = {Thomas Cullison and Paul Sava},
title = {An image‚Äêguided method for automatically picking common‚Äêimage‚Äêpoint gathers},
booktitle = {SEG Technical Program Expanded Abstracts 2011},
chapter = {769},
pages = {3908-3912},
year ={2011},
doi = {10.1190/1.3628021},
URL = {http://library.seg.org/doi/abs/10.1190/1.3628021},
eprint = {http://library.seg.org/doi/pdf/10.1190/1.3628021}
}





@article{biondiAngle,
author = {Biondo Biondi},
title = {Angle-domain common-image gathers from anisotropic migration},
journal = {GEOPHYSICS},
volume = {72},
number = {2},
pages = {S81-S91},
year = {2007},
doi = {10.1190/1.2430561},

URL = { 
        http://dx.doi.org/10.1190/1.2430561
    
},
eprint = { 
        http://dx.doi.org/10.1190/1.2430561
    
}

}


@article{ursin,
author = {Bjorn Ursin and Maarten V. de Hoop and Stig-Kyrre Foss and Sverre Brandsberg-Dahl},
title = {Seismic angle tomography},
journal = {The Leading Edge},
volume = {24},
number = {6},
pages = {628-634},
year = {2005},
doi = {10.1190/1.1946220},

URL = { 
        http://dx.doi.org/10.1190/1.1946220
    
},
eprint = { 
        http://dx.doi.org/10.1190/1.1946220
    
}

}




@inbook{TariqWavenumber,
author = {Tariq Alkhalifah},
title = {Full model wavenumber inversion (FMWI)},
booktitle = {2015 Workshop: Depth Model Building: Full-waveform Inversion, Beijing, China, 18-19 June 2015},
chapter = {1},
pages = {7-10},
doi = {10.1190/FWI2015-002},
year = {2015},
URL = {http://library.seg.org/doi/abs/10.1190/FWI2015-002},
eprint = {http://library.seg.org/doi/pdf/10.1190/FWI2015-002}
}





@inbook{DanWhitmore,
author = {N. D.  Whitmore and A. A. Valenciano and Walter Sollner and Shaoping Lu},
title = {Imaging of primaries and multiples using a dual‚Äêsensor towed streamer},
booktitle = {SEG Technical Program Expanded Abstracts 2010},
chapter = {624},
pages = {3187-3192},
doi = {10.1190/1.3513508},
year = {2010},
URL = {http://library.seg.org/doi/abs/10.1190/1.3513508},
eprint = {http://library.seg.org/doi/pdf/10.1190/1.3513508}
}

@article{wapenaar2014green,
  title={Green's function retrieval from reflection data, in absence of a receiver at the virtual source position},
  author={Wapenaar, Kees and Thorbecke, Jan and van der Neut, Joost and Broggini, Filippo and Slob, Evert and Snieder, Roel},
  journal={The Journal of the Acoustical Society of America},
  volume={135},
  number={5},
  pages={2847--2861},
  year={2014},
  publisher={Acoustical Society of America}
}




@article{Joost,
author = {Joost van der Neut and Jan Thorbecke and Kurang Mehta and Evert Slob and Kees Wapenaar},
title = {Controlled-source interferometric redatuming by crosscorrelation and multidimensional deconvolution in elastic media},
journal = {GEOPHYSICS},
volume = {76},
number = {4},
pages = {SA63-SA76},
year = {2011},
doi = {10.1190/1.3580633},

URL = { 
        http://dx.doi.org/10.1190/1.3580633
    
},
eprint = { 
        http://dx.doi.org/10.1190/1.3580633
    
}

}


