@inproceedings{Sigsbee,
   author    = {J[] Paffenholz and B[] McLain and J[] Zaske and P[] Keliher},
   year      = {2002},
   title     = {Subsalt multiple attenuation and imaging: Observations from the Sigsbee 2B synthetic dataset},
   booktitle = {Expanded Abstracts },
   meeting   = {72nd Annual International Meeting, SEG},
   pages     = {2122-2125}
}



@article{tony_seg:cwp12,
author = {Yang, T. and Shragge, J. and Sava, P.},
title = {Illumination compensation for image-domain wavefield tomography},
journal = {Geophysics},
volume = {78},
number = {5},
pages = {U65-U76},
year = {2013},
doi = {10.1190/geo2012-0278.1},

URL = {http://library.seg.org/doi/abs/10.1190/geo2012-0278.1},
eprint = {http://library.seg.org/doi/pdf/10.1190/geo2012-0278.1}
}

@article{perrone2015waveform,
  title={Waveform tomography based on local image correlations},
  author={Perrone, Francesco and Sava, Paul and Panizzardi, Jacopo},
  journal={Geophysical Prospecting},
  volume={63},
  number={1},
  pages={35--54},
  year={2015}
}

@article{tony:gp15,
author = {Yang, Tongning and Sava, Paul},
title = {Image-domain wavefield tomography with extended common-image-point gathers},
journal = {Geophysical Prospecting},
volume = {63},
number = {5},
issn = {1365-2478},
url = {http://dx.doi.org/10.1111/1365-2478.12204},
doi = {10.1111/1365-2478.12204},
pages = {1086--1096},
year = {2015},
}


@article{GPR:GPR888,
author = {Sava, Paul and Vasconcelos, Ivan},
title = {Extended imaging conditions for wave-equation migration},
journal = {Geophysical Prospecting},
volume = {59},
number = {1},
publisher = {Blackwell Publishing Ltd},
issn = {1365-2478},
url = {http://dx.doi.org/10.1111/j.1365-2478.2010.00888.x},
doi = {10.1111/j.1365-2478.2010.00888.x},
pages = {35--55},
keywords = {Imaging, Interferometry, Tomography, Velocity analysis, Wave-equation},
year = {2011},
}


@article{rickett:883,
author = {James E. Rickett and Paul C. Sava},
collaboration = {},
title = {Offset and angle-domain common image-point gathers for shot-profile migration},
publisher = {SEG},
year = {2002},
journal = {Geophysics},
volume = {67},
number = {3},
pages = {883-889},
keywords = {tomography; seismology; seismic waves; acoustic imaging; geophysics computing; geophysical techniques},
url = {http://link.aip.org/link/?GPY/67/883/1},
doi = {10.1190/1.1484531}
}




@article{sava:1065,
author = {Paul C. Sava and Sergey Fomel},
collaboration = {},
title = {Angle-domain common-image gathers by wavefield continuation methods},
publisher = {SEG},
year = {2003},
journal = {Geophysics},
volume = {68},
number = {3},
pages = {1065-1074},
keywords = {seismology; geophysical techniques; imaging; wave equations; geophysics computing; seismic waves; ray tracing; acoustic wave reflection},
url = {http://link.aip.org/link/?GPY/68/1065/1},
doi = {10.1190/1.1581078}
}


@inproceedings{billette20052004,
  title={The 2004 BP velocity benchmark},
  author={Billette, FJ and Brandsberg-Dahl, Sverre},
  booktitle={67th EAGE Conference \& Exhibition},
  year={2005}
}


@article{shen:2132,
author = {Peng Shen and William W. Symes and Christiaan C. Stolk},
collaboration = {},
title = {Differential semblance velocity analysis by wave-equation migration},
publisher = {SEG},
year = {2003},
journal = {SEG Technical Program Expanded Abstracts},
volume = {22},
number = {1},
pages = {2132-2135},
url = {http://link.aip.org/link/?SGA/22/2132/1},
doi = {10.1190/1.1817759}
}



@book{Claerbout:1985:IEI:3887,
 author = {Claerbout, Jon F.},
 title = {Imaging the earth's interior},
 year = {1985},
 isbn = {0-86542-304-0},
 publisher = {Blackwell Scientific Publications, Inc.},
 address = {Cambridge, MA, USA},
} 


@article{shen:VE49,
author = {Peng Shen and William W. Symes},
collaboration = {},
title = {Automatic velocity analysis via shot profile migration},
publisher = {SEG},
year = {2008},
journal = {Geophysics},
volume = {73},
number = {5},
pages = {VE49-VE59},
keywords = {geophysical prospecting; geophysical signal processing; seismic waves; seismology},
url = {http://link.aip.org/link/?GPY/73/VE49/1},
doi = {10.1190/1.2972021}
}






@article{gazdag:124,
author = {Jeno Gazdag and Piero Sguazzero},
collaboration = {},
title = {Migration of seismic data by phase shift plus interpolation},
publisher = {SEG},
year = {1984},
journal = {Geophysics},
volume = {49},
number = {2},
pages = {124-131},
url = {http://link.aip.org/link/?GPY/49/124/1},
doi = {10.1190/1.1441643}
}



@article{gazdag:1342,
author = {Jen\"{o} Gazdag},
collaboration = {},
title = {Wave equation migration with the phase-shift method},
publisher = {SEG},
year = {1978},
journal = {Geophysics},
volume = {43},
number = {7},
pages = {1342-1351},
url = {http://link.aip.org/link/?GPY/43/1342/1},
doi = {10.1190/1.1440899}
}




@article{sava:S131,
author = {Paul Sava and Ioan Vlad},
collaboration = {},
title = {Wide-azimuth angle gathers for wave-equation migration},
publisher = {SEG},
year = {2011},
journal = {Geophysics},
volume = {76},
number = {3},
pages = {S131-S141},
keywords = {geophysical techniques; seismic waves; seismology; wave equations},
url = {http://link.aip.org/link/?GPY/76/S131/1},
doi = {10.1190/1.3560519}
}





@article{youn:246,
author = {Oong K. Youn and Hua{-}wei Zhou},
collaboration = {},
title = {Depth imaging with multiples},
publisher = {SEG},
year = {2001},
journal = {Geophysics},
volume = {66},
number = {1},
pages = {246-255},
url = {http://link.aip.org/link/?GPY/66/246/1},
doi = {10.1190/1.1444901}
}




@article{liu:S29,
author = {Faqi Liu and Guanquan Zhang and Scott A. Morton and Jacques P. Leveille},
collaboration = {},
title = {An effective imaging condition for reverse-time migration using wavefield decomposition},
publisher = {SEG},
year = {2011},
journal = {Geophysics},
volume = {76},
number = {1},
pages = {S29-S39},
keywords = {geophysical image processing; geophysical techniques; Hilbert transforms; image denoising; seismology; source separation},
url = {http://link.aip.org/link/?GPY/76/S29/1},
doi = {10.1190/1.3533914}
}


@article{claerbout:467,
author = {Jon F. Claerbout},
collaboration = {},
title = {TOWARD A UNIFIED THEORY OF REFLECTOR MAPPING},
publisher = {SEG},
year = {1971},
journal = {Geophysics},
volume = {36},
number = {3},
pages = {467-481},
url = {http://link.aip.org/link/?GPY/36/467/1},
doi = {10.1190/1.1440185}
}




@article{baysal:1514,
author = {Edip Baysal and Dan D. Kosloff and John W. C. Sherwood},
collaboration = {},
title = {Reverse time migration},
publisher = {SEG},
year = {1983},
journal = {Geophysics},
volume = {48},
number = {11},
pages = {1514-1524},
url = {http://link.aip.org/link/?GPY/48/1514/1},
doi = {10.1190/1.1441434}
}



@article{whitmore:382,
author = {N. D. Whitmore},
collaboration = {},
title = {Iterative depth migration by backward time propagation},
publisher = {SEG},
year = {1983},
journal = {SEG Technical Program Expanded Abstracts},
volume = {2},
number = {1},
pages = {382-385},
url = {http://link.aip.org/link/?SGA/2/382/1},
doi = {10.1190/1.1893867}
}




@article{guitton:S19,
author = {Antoine Guitton and Bruno Kaelin and Biondo Biondi},
collaboration = {},
title = {Least-squares attenuation of reverse-time-migration artifacts},
publisher = {SEG},
year = {2007},
journal = {Geophysics},
volume = {72},
number = {1},
pages = {S19-S23},
keywords = {seismic waves; least squares approximations; geophysical signal processing},
url = {http://link.aip.org/link/?GPY/72/S19/1},
doi = {10.1190/1.2399367}
}


@article{kaelin:3125,
author = {Bruno Kaelin and Carla Carvajal},
collaboration = {},
title = {Eliminating imaging artifacts in RTM using pre-stack gathers},
publisher = {SEG},
year = {2011},
journal = {SEG Technical Program Expanded Abstracts},
volume = {30},
number = {1},
pages = {3125-3129},
keywords = {filtering; imaging; migration; prestack; reverse-time},
url = {http://link.aip.org/link/?SGA/30/3125/1},
doi = {10.1190/1.3627845}
}






@article{baysal:132,
author = {Edip Baysal and Dan D. Kosloff and J. W. C. Sherwood},
collaboration = {},
title = {A two-way nonreflecting wave equation},
publisher = {SEG},
year = {1984},
journal = {Geophysics},
volume = {49},
number = {2},
pages = {132-141},
url = {http://link.aip.org/link/?GPY/49/132/1},
doi = {10.1190/1.1441644}
}



@article{fletcher:2049,
author = {Robin F. Fletcher and Paul Fowler and Phil Kitchenside and Uwe Albertin},
collaboration = {},
title = {Suppressing artifacts in prestack reverse time migration},
publisher = {SEG},
year = {2005},
journal = {SEG Technical Program Expanded Abstracts},
volume = {24},
number = {1},
pages = {2049-2051},
url = {http://link.aip.org/link/?SGA/24/2049/1},
doi = {10.1190/1.2148113}
}




@article{sava:S209,
author = {Paul Sava and Sergey Fomel},
collaboration = {},
title = {Time-shift imaging condition in seismic migration},
publisher = {SEG},
year = {2006},
journal = {Geophysics},
volume = {71},
number = {6},
pages = {S209-S217},
keywords = {seismology; geophysical techniques; geophysical signal processing},
url = {http://link.aip.org/link/?GPY/71/S209/1},
doi = {10.1190/1.2338824}
}


@article{fei:3130,
author = {Tong W. Fei and Yi Luo and Gerard T. Schuster},
collaboration = {},
title = {De-blending reverse-time migration},
publisher = {SEG},
year = {2010},
journal = {SEG Technical Program Expanded Abstracts},
volume = {29},
number = {1},
pages = {3130-3134},
keywords = {depth; migration; noise; prestack; wave equation},
url = {http://link.aip.org/link/?SGA/29/3130/1},
doi = {10.1190/1.3513496}
}

@article{GPR:GPR413,
author = {McMechan, G. A.},
title = {MIGRATION BY EXTRAPOLATION OF TIME-DEPENDENT BOUNDARY VALUES},
journal = {Geophysical Prospecting},
volume = {31},
number = {3},
publisher = {Blackwell Publishing Ltd},
issn = {1365-2478},
url = {http://dx.doi.org/10.1111/j.1365-2478.1983.tb01060.x},
doi = {10.1111/j.1365-2478.1983.tb01060.x},
pages = {413--420},
year = {1983},
}




@article{yang:S151,
author = {Tongning Yang and Paul Sava},
collaboration = {},
title = {Moveout analysis of wave-equation extended images},
publisher = {SEG},
year = {2010},
journal = {Geophysics},
volume = {75},
number = {4},
pages = {S151-S161},
keywords = {geophysical image processing; geophysical techniques; seismic waves; seismology},
url = {http://link.aip.org/link/?GPY/75/S151/1},
doi = {10.1190/1.3460296}
}

@article{Wiktor,
author = {Weibull, W. and Arntsen, B.},
title = {Automatic velocity analysis with reverse-time migration},
journal = {Geophysics},
volume = {78},
number = {4},
pages = {S179-S192},
year = {2013},
doi = {10.1190/geo2012-0064.1},

URL = {http://library.seg.org/doi/abs/10.1190/geo2012-0064.1},
eprint = {http://library.seg.org/doi/pdf/10.1190/geo2012-0064.1}
}



@article {GPR:GPR954,
author = {Yang, Tongning and Sava, Paul},
title = {Wave-equation migration velocity analysis with time-shift imaging},
journal = {Geophysical Prospecting},
volume = {59},
number = {4},
publisher = {Blackwell Publishing Ltd},
issn = {1365-2478},
url = {http://dx.doi.org/10.1111/j.1365-2478.2011.00954.x},
doi = {10.1111/j.1365-2478.2011.00954.x},
pages = {635--650},
keywords = {Focusing error, Migration velocity analysis, Time-shift imaging},
year = {2011},
}


@article{deBruin,
author = {C. G. M. de Bruin and C. P. A. Wapenaar and A. J. Berkhout},
title = {Angle‐dependent reflectivity by means of prestack migration},
journal = {GEOPHYSICS},
volume = {55},
number = {9},
pages = {1223-1234},
year = {1990},
doi = {10.1190/1.1442938},

URL = { 
        http://dx.doi.org/10.1190/1.1442938
    
},
eprint = { 
        http://dx.doi.org/10.1190/1.1442938
    
}

}


@article{Jin,
author = {Hu Jin and George A. McMechan and Huimin Guan},
title = {Comparison of methods for extracting ADCIGs from RTM},
journal = {GEOPHYSICS},
volume = {79},
number = {3},
pages = {S89-S103},
year = {2014},
doi = {10.1190/geo2013-0336.1},

URL = { 
        http://dx.doi.org/10.1190/geo2013-0336.1
    
},
eprint = { 
        http://dx.doi.org/10.1190/geo2013-0336.1
    
}

}

@article{giboli,
author = {Matteo Giboli and Reda Baina and Laurence Nicoletis and Bertrand Duquet},
title = {Reverse Time Migration surface offset gathers part 1: a new method to produce ‘classical’ common image gathers},
booktitle = {SEG Technical Program Expanded Abstracts 2012},
chapter = {655},
pages = {1-5},
doi = {10.1190/segam2012-1007.1},
year = {2012},
URL = {http://library.seg.org/doi/abs/10.1190/segam2012-1007.1},
eprint = {http://library.seg.org/doi/pdf/10.1190/segam2012-1007.1}
}


@article{yoon2,
author = {Kwangjin Yoon and Manhong Guo and Jun Cai and Bin Wang},
title = {3D RTM angle gathers from source wave propagation direction and dip of reflector},
booktitle = {SEG Technical Program Expanded Abstracts 2011},
chapter = {613},
pages = {3136-3140},
doi = {10.1190/1.3627847},
year = {2011},
URL = {http://library.seg.org/doi/abs/10.1190/1.3627847},
eprint = {http://library.seg.org/doi/pdf/10.1190/1.3627847}
}


@article{Vyas,
author = {Madhav Vyas and Dave Nichols and Everett Mobley},
title = {Efficient RTM angle gathers using source directions},
booktitle = {SEG Technical Program Expanded Abstracts 2011},
chapter = {607},
year = {2011},
pages = {3104-3108},
doi = {10.1190/1.3627840},
URL = {http://library.seg.org/doi/abs/10.1190/1.3627840},
eprint = {http://library.seg.org/doi/pdf/10.1190/1.3627840}
}



@article{Liu2010,
author = {Jinjun Liu and Weishan Han},
year = {2010},
title = {Automatic event picking and tomography on 3D RTM angle gathers},
booktitle = {SEG Technical Program Expanded Abstracts 2010},
chapter = {835},
pages = {4263-4268},
doi = {10.1190/1.3513760},
URL = {http://library.seg.org/doi/abs/10.1190/1.3513760},
eprint = {http://library.seg.org/doi/pdf/10.1190/1.3513760}
}





@article{yiShen,
year = {2015},
author = {Yi Shen and Biondo Biondi and Robert Clapp},
title = {Wave-equation based Q tomography from angle-domain common image gathers},
booktitle = {SEG Technical Program Expanded Abstracts 2015},
chapter = {829},
pages = {4334-4338},
doi = {10.1190/segam2015-5917329.1},
URL = {http://library.seg.org/doi/abs/10.1190/segam2015-5917329.1},
eprint = {http://library.seg.org/doi/pdf/10.1190/segam2015-5917329.1}
}


@inbook{Fleury,
year = {2014},
author = {Clément Fleury and Matteo Giboli and Reda Baina},
title = {Moveout analysis for reflection tomography on wave-equation image gathers},
booktitle = {SEG Technical Program Expanded Abstracts 2014},
chapter = {912},
pages = {4788-4792},
doi = {10.1190/segam2014-0052.1},
URL = {http://library.seg.org/doi/abs/10.1190/segam2014-0052.1},
eprint = {http://library.seg.org/doi/pdf/10.1190/segam2014-0052.1}
}




@article{diaz2015,
author = {Esteban D\'{i}az and Paul Sava},
title = {Wavefield tomography using reverse time migration backscattering},
journal = {GEOPHYSICS},
volume = {80},
number = {1},
pages = {R57-R69},
year = {2015},
doi = {10.1190/geo2014-0100.1},

URL = { 
        http://dx.doi.org/10.1190/geo2014-0100.1
    
},
eprint = { 
        http://dx.doi.org/10.1190/geo2014-0100.1
    
}

}





@article{SRME,
author = {D. J. Verschuur and A. J. Berkhout and C. P. A. Wapenaar},
title = {Adaptive surface‐related multiple elimination},
journal = {GEOPHYSICS},
volume = {57},
number = {9},
pages = {1166-1177},
year = {1992},
doi = {10.1190/1.1443330},

URL = { 
        http://dx.doi.org/10.1190/1.1443330
    
},
eprint = { 
        http://dx.doi.org/10.1190/1.1443330
    
}

}






@article{Herrmann,
author = {Tim T. Y. Lin and Felix J. Herrmann},
title = {Robust estimation of primaries by sparse inversion via one-norm minimization},
journal = {GEOPHYSICS},
volume = {78},
number = {3},
pages = {R133-R150},
year = {2013},
doi = {10.1190/geo2012-0097.1},

URL = { 
        http://dx.doi.org/10.1190/geo2012-0097.1
    
},
eprint = { 
        http://dx.doi.org/10.1190/geo2012-0097.1
    
}

}



@article{guitton2005,
author = {Antoine Guitton},
title = {Multiple attenuation in complex geology with a pattern-based approach},
journal = {GEOPHYSICS},
volume = {70},
number = {4},
pages = {V97-V107},
year = {2005},
doi = {10.1190/1.1997369},

URL = { 
        http://dx.doi.org/10.1190/1.1997369
    
},
eprint = { 
        http://dx.doi.org/10.1190/1.1997369
    
}

}




@article{SavaGuitton,
author = {Paul Sava and Antoine Guitton},
title = {Multiple attenuation in the image space},
journal = {GEOPHYSICS},
volume = {70},
number = {1},
pages = {V10-V20},
year = {2005},
doi = {10.1190/1.1852789},

URL = { 
        http://dx.doi.org/10.1190/1.1852789
    
},
eprint = { 
        http://dx.doi.org/10.1190/1.1852789
    
}

}


@article{Wang,
year={2010},
author = {Bin Wang and Chuck Mason and Manhong Guo and Jun Cai and Sampath Gajawada and Duryodhan Epili},
title = {Interactive demultiple in the post‐migration depth domain},
booktitle = {SEG Technical Program Expanded Abstracts 2010},
chapter = {672},
pages = {3436-3440},
doi = {10.1190/1.3513562},
URL = {http://library.seg.org/doi/abs/10.1190/1.3513562},
eprint = {http://library.seg.org/doi/pdf/10.1190/1.3513562}
}




@article{Weibull,
year = {2013},
author = {Wiktor Weibull and Børge Arntsen},
title = {Reverse time demigration using the extended imaging condition},
booktitle = {SEG Technical Program Expanded Abstracts 2013},
chapter = {776},
pages = {4015-4020},
doi = {10.1190/segam2013-0547.1},
URL = {http://library.seg.org/doi/abs/10.1190/segam2013-0547.1},
eprint = {http://library.seg.org/doi/pdf/10.1190/segam2013-0547.1}
}




@article{ArtWeiglein,
author = {Arthur B. Weglein and Fernanda Araújo Gasparotto and Paulo M. Carvalho and Robert H. Stolt},
title = {An inverse‐scattering series method for attenuating multiples in seismic reflection data},
journal = {GEOPHYSICS},
volume = {62},
number = {6},
pages = {1975-1989},
year = {1997},
doi = {10.1190/1.1444298},

URL = { 
        http://dx.doi.org/10.1190/1.1444298
    
},
eprint = { 
        http://dx.doi.org/10.1190/1.1444298
    
}

}


%%% MARCHENKO %%%%%



@article{Singh2015,
author = {Satyan Singh and Roel Snieder and Jyoti Behura and Joost van der Neut and Kees Wapenaar and Evert Slob},
title = {Marchenko imaging: Imaging with primaries, internal multiples, and free-surface multiples},
journal = {GEOPHYSICS},
volume = {80},
number = {5},
pages = {S165-S174},
year = {2015},
doi = {10.1190/geo2014-0494.1},
URL = { 
        http://dx.doi.org/10.1190/geo2014-0494.1
},
eprint = { 
        http://dx.doi.org/10.1190/geo2014-0494.1
}
}

  	
@article{Fil2012,
  author={Filippo Broggini and Roel Snieder},
  title={Connection of scattering principles: a visual and mathematical tour},
  journal={European Journal of Physics},
  volume={33},
  number={3},
  pages={593},
  url={http://stacks.iop.org/0143-0807/33/i=3/a=593},
  year={2012},
  abstract={Inverse scattering, Green's function reconstruction, focusing, imaging and the optical theorem are subjects usually studied as separate problems in different research areas. We show a physical connection between the principles because the equations that rule these scattering principles have a similar functional form. We first lead the reader through a visual explanation of the relationship between these principles and then present the mathematics that illustrates the link between the governing equations of these principles. Throughout this work, we describe the importance of the interaction between the causal and anti-causal Green's functions.}
}
	






@article{Zuberi,
author = {M. A. H. Zuberi and Tariq Alkhalifah},
title = {Generalized internal multiple imaging},
journal = {GEOPHYSICS},
volume = {79},
number = {5},
pages = {S207-S216},
year = {2014},
doi = {10.1190/geo2013-0287.1},

URL = { 
        http://dx.doi.org/10.1190/geo2013-0287.1
    
},
eprint = { 
        http://dx.doi.org/10.1190/geo2013-0287.1
    
}

}



@article{Behura,
author = {Jyoti Behura and Kees Wapenaar and Roel Snieder},
title = {Autofocus Imaging: Image reconstruction based on inverse scattering theory},
journal = {GEOPHYSICS},
volume = {79},
number = {3},
pages = {A19-A26},
year = {2014},
doi = {10.1190/geo2013-0398.1},

URL = { 
        http://dx.doi.org/10.1190/geo2013-0398.1
    
},
eprint = { 
        http://dx.doi.org/10.1190/geo2013-0398.1
    
}

}






@article{Wapenaar,
author = {Kees Wapenaar and Jan Thorbecke and Joost van der Neut and Filippo Broggini and Evert Slob and Roel Snieder},
title = {Marchenko imaging},
journal = {GEOPHYSICS},
volume = {79},
number = {3},
pages = {WA39-WA57},
year = {2014},
doi = {10.1190/geo2013-0302.1},

URL = { 
        http://dx.doi.org/10.1190/geo2013-0302.1
    
},
eprint = { 
        http://dx.doi.org/10.1190/geo2013-0302.1
    
}

}


@article {GJI:GJI4970,
author = {Bozdağ, Ebru and Trampert, Jeannot and Tromp, Jeroen},
title = {Misfit functions for full waveform inversion based on instantaneous phase and envelope measurements},
journal = {Geophysical Journal International},
volume = {185},
number = {2},
publisher = {Blackwell Publishing Ltd},
issn = {1365-246X},
url = {http://dx.doi.org/10.1111/j.1365-246X.2011.04970.x},
doi = {10.1111/j.1365-246X.2011.04970.x},
pages = {845--870},
keywords = {Body waves, Surface waves and free oscillations, Seismic tomography, Computational seismology, Wave propagation},
year = {2011},
abstract = {Resolution in seismic tomography intimately depends on data coverage, with different parts of seismograms sensitive to different parts of Earth's structure. In classical seismic tomography, the usable amount of data is often restricted because of approximations to the wave equation. 3-D numerical simulations of wave propagation provide new opportunities for increasing the amount of usable data in seismograms by choosing appropriate misfit functions which have direct control on Fréchet derivatives. We propose new misfit functions for full waveform tomography based on instantaneous phase differences and envelope ratios between observed and synthetic seismograms. The aim is to extract as much information as possible from a single seismogram. Using the properties of the Hilbert transform, we separate phase and amplitude information in the time domain. To gain insight in the advantages and disadvantages of chosen misfit functions, we make qualitative comparisons of the corresponding finite-frequency adjoint sensitivity kernels with those from commonly used misfit functions based on cross-correlation traveltime, amplitude and waveform differences. The major advantages of our misfit functions are: (1) working in the Hilbert domain reduces non-linear behaviour of waveforms due to interaction of phase and amplitude information, and (2) we show with noise-free synthetic seismograms that it is possible to use a complete seismogram without losing information from low-amplitude phases. Complementary to instantaneous phase measurements, envelope measurements provide a way of using amplitude information of waveforms, which may also easily be extended to constrain anelastic properties. The properties of the kernels allow us to simplify the tomography problem by separating elastic and anelastic inversions. First indications are that the kernels remain well behaved in the presence of noise.},
}

@article{Chavent1995MultipleMigrationFitting,
	Author = {Guy Chavent and Chester A. Jacewitz},
	Date-Added = {2010-03-11 00:11:53 -0700},
	Date-Modified = {2010-03-11 00:13:53 -0700},
	Journal = {Geophysics},
	Keywords = {velocity analysis},
	Month = {March-April},
	Number = {2},
	Pages = {476-490},
	Title = {Determination of background velocities by multiple migration fitting},
	Volume = {60},
	Year = {1995},
	Bdsk-File-1 = {YnBsaXN0MDDUAQIDBAUGCQpYJHZlcnNpb25UJHRvcFkkYXJjaGl2ZXJYJG9iamVjdHMSAAGGoNEHCFRyb290gAFfEA9OU0tleWVkQXJjaGl2ZXKoCwwXGBkdJCVVJG51bGzTDQ4PEBEUViRjbGFzc1dOUy5rZXlzWk5TLm9iamVjdHOAB6ISE4ACgAOiFRaABIAGWWFsaWFzRGF0YVxyZWxhdGl2ZVBhdGjSDRobHFdOUy5kYXRhgAVPEQIYAAAAAAIYAAIAAAxNYWNoaW50b3NoSEQAAAAAAAAAAAAAAAAAAADC2snoSCsAAABr6tsfQ2hhdmVudDE5OTVNdWx0aXBsZU0jNDkyRUE5LnBkZgAAAAAAAAAAAAAAAAAAAAAAAAAAAAAAAAAAAAAAAAAAAEkuqcbLFhkAAAAAAAAAAAACAAQAAAkgAAAAAAAAAAAAAAAAAAAAEEludmVyc2lvbk1ldGhvZHMAEAAIAADC2q3IAAAAEQAIAADGyvn5AAAAAQAUAGvq2wBpxaUAZ0thAAhjRwAAS8MAAgBcTWFjaGludG9zaEhEOlVzZXJzOmZyYW5jZXNjbzpEcm9wYm94OlBhcGVyczpJbnZlcnNpb25NZXRob2RzOkNoYXZlbnQxOTk1TXVsdGlwbGVNIzQ5MkVBOS5wZGYADgBQACcAQwBoAGEAdgBlAG4AdAAxADkAOQA1AE0AdQBsAHQAaQBwAGwAZQBNAGkAZwByAGEAdABpAG8AbgBGAGkAdAB0AGkAbgBnAC4AcABkAGYADwAaAAwATQBhAGMAaABpAG4AdABvAHMAaABIAEQAEgBXVXNlcnMvZnJhbmNlc2NvL0Ryb3Bib3gvUGFwZXJzL0ludmVyc2lvbk1ldGhvZHMvQ2hhdmVudDE5OTVNdWx0aXBsZU1pZ3JhdGlvbkZpdHRpbmcucGRmAAATAAEvAAAVAAIAEP//AADSHh8gIVgkY2xhc3Nlc1okY2xhc3NuYW1loyEiI11OU011dGFibGVEYXRhVk5TRGF0YVhOU09iamVjdF8QTS4uLy4uL0Ryb3Bib3gvUGFwZXJzL0ludmVyc2lvbk1ldGhvZHMvQ2hhdmVudDE5OTVNdWx0aXBsZU1pZ3JhdGlvbkZpdHRpbmcucGRm0h4fJieiJyNcTlNEaWN0aW9uYXJ5AAgAEQAaAB8AKQAyADcAOgA/AEEAUwBcAGIAaQBwAHgAgwCFAIgAigCMAI8AkQCTAJ0AqgCvALcAuQLVAtoC4wLuAvIDAAMHAxADYANlA2gAAAAAAAACAQAAAAAAAAAoAAAAAAAAAAAAAAAAAAADdQ==}}


@article{Xie2008FiniteFreqSensitityKernel,
	Author = {Xiao Bi Xie and Hui Yang},
	Date-Added = {2010-03-22 13:35:52 -0600},
	Date-Modified = {2012-03-08 11:40:41 -0700},
	Journal = {Geophysics},
	Keywords = {migration velocity analysis, sensitivity kernel},
	Month = {November-December},
	Number = {6},
	Pages = {S241-S249},
	Read = {Yes},
	Title = {The finite-frequency sensitivity kernel for migration residual moveout and its applications in migration velocity analysis},
	Volume = {73},
	Year = {2008},
	Bdsk-File-1 = {YnBsaXN0MDDUAQIDBAUGCQpYJHZlcnNpb25UJHRvcFkkYXJjaGl2ZXJYJG9iamVjdHMSAAGGoNEHCFRyb290gAFfEA9OU0tleWVkQXJjaGl2ZXKoCwwXGBkdJCVVJG51bGzTDQ4PEBEUViRjbGFzc1dOUy5rZXlzWk5TLm9iamVjdHOAB6ISE4ACgAOiFRaABIAGWWFsaWFzRGF0YVxyZWxhdGl2ZVBhdGjSDRobHFdOUy5kYXRhgAVPEQICAAAAAAICAAIAAAxNYWNoaW50b3NoSEQAAAAAAAAAAAAAAAAAAADC2snoSCsAAABr6tsfWGllMjAwOEZpbml0ZUZyZXFTZW4jNjU5MzQwLnBkZgAAAAAAAAAAAAAAAAAAAAAAAAAAAAAAAAAAAAAAAAAAAGWTQMj3h6QAAAAAAAAAAAACAAQAAAkgAAAAAAAAAAAAAAAAAAAAEEludmVyc2lvbk1ldGhvZHMAEAAIAADC2q3IAAAAEQAIAADI93mUAAAAAQAUAGvq2wBpxaUAZ0thAAhjRwAAS8MAAgBcTWFjaGludG9zaEhEOlVzZXJzOmZyYW5jZXNjbzpEcm9wYm94OlBhcGVyczpJbnZlcnNpb25NZXRob2RzOlhpZTIwMDhGaW5pdGVGcmVxU2VuIzY1OTM0MC5wZGYADgBCACAAWABpAGUAMgAwADAAOABGAGkAbgBpAHQAZQBGAHIAZQBxAFMAZQBuAHMAaQB0AGkAdgBpAHQAeQAuAHAAZABmAA8AGgAMAE0AYQBjAGgAaQBuAHQAbwBzAGgASABEABIAUFVzZXJzL2ZyYW5jZXNjby9Ecm9wYm94L1BhcGVycy9JbnZlcnNpb25NZXRob2RzL1hpZTIwMDhGaW5pdGVGcmVxU2Vuc2l0aXZpdHkucGRmABMAAS8AABUAAgAQ//8AANIeHyAhWCRjbGFzc2VzWiRjbGFzc25hbWWjISIjXU5TTXV0YWJsZURhdGFWTlNEYXRhWE5TT2JqZWN0XxBGLi4vLi4vRHJvcGJveC9QYXBlcnMvSW52ZXJzaW9uTWV0aG9kcy9YaWUyMDA4RmluaXRlRnJlcVNlbnNpdGl2aXR5LnBkZtIeHyYnoicjXE5TRGljdGlvbmFyeQAIABEAGgAfACkAMgA3ADoAPwBBAFMAXABiAGkAcAB4AIMAhQCIAIoAjACPAJEAkwCdAKoArwC3ALkCvwLEAs0C2ALcAuoC8QL6A0MDSANLAAAAAAAAAgEAAAAAAAAAKAAAAAAAAAAAAAAAAAAAA1g=}}

@article{Ji,
author = {Jun Ji},
title = {Tomographic velocity estimation with plane‐wave synthesis},
journal = {GEOPHYSICS},
volume = {62},
number = {6},
pages = {1825-1838},
year = {1997},
doi = {10.1190/1.1444284},

URL = { 
        http://dx.doi.org/10.1190/1.1444284
    
},
eprint = { 
        http://dx.doi.org/10.1190/1.1444284
    
}

}




@article{Alyahya1989VAiterativeProfileMig,
	Author = {K. Al-Yahya},
	Date-Added = {2010-09-13 22:56:52 -0600},
	Date-Modified = {2013-07-15 14:15:34 +0000},
	Journal = {Geophysics},
	Keywords = {migration velocity analysis, semblance},
	Number = {6},
	Pages = {P. 718-729},
	Title = {Velocity analysis by iterative profile migration},
	Volume = {54},
	Year = {1989},
	Bdsk-File-1 = {YnBsaXN0MDDUAQIDBAUGCQpYJHZlcnNpb25UJHRvcFkkYXJjaGl2ZXJYJG9iamVjdHMSAAGGoNEHCFRyb290gAFfEA9OU0tleWVkQXJjaGl2ZXKoCwwXGBkdJCVVJG51bGzTDQ4PEBEUViRjbGFzc1dOUy5rZXlzWk5TLm9iamVjdHOAB6ISE4ACgAOiFRaABIAGWWFsaWFzRGF0YVxyZWxhdGl2ZVBhdGjSDRobHFdOUy5kYXRhgAVPEQISAAAAAAISAAIAAAxNYWNoaW50b3NoSEQAAAAAAAAAAAAAAAAAAADC2snoSCsAAABr6tsfQWx5YWh5YTE5ODlWQWJ5SXRlciMzMDk5NzJGLnBkZgAAAAAAAAAAAAAAAAAAAAAAAAAAAAAAAAAAAAAAAAAAAwmXL83On/FQREYgQ0FSTwACAAQAAAkgAAAAAAAAAAAAAAAAAAAAEEludmVyc2lvbk1ldGhvZHMAEAAIAADC2q3IAAAAEQAIAADNzoPRAAAAAQAUAGvq2wBpxaUAZ0thAAhjRwAAS8MAAgBcTWFjaGludG9zaEhEOlVzZXJzOmZyYW5jZXNjbzpEcm9wYm94OlBhcGVyczpJbnZlcnNpb25NZXRob2RzOkFseWFoeWExOTg5VkFieUl0ZXIjMzA5OTcyRi5wZGYADgBMACUAQQBsAHkAYQBoAHkAYQAxADkAOAA5AFYAQQBiAHkASQB0AGUAcgBhAHQAaQB2AGUATQBpAGcAcgBhAHQAaQBvAG4ALgBwAGQAZgAPABoADABNAGEAYwBoAGkAbgB0AG8AcwBoAEgARAASAFVVc2Vycy9mcmFuY2VzY28vRHJvcGJveC9QYXBlcnMvSW52ZXJzaW9uTWV0aG9kcy9BbHlhaHlhMTk4OVZBYnlJdGVyYXRpdmVNaWdyYXRpb24ucGRmAAATAAEvAAAVAAIAEP//AADSHh8gIVgkY2xhc3Nlc1okY2xhc3NuYW1loyEiI11OU011dGFibGVEYXRhVk5TRGF0YVhOU09iamVjdF8QSy4uLy4uL0Ryb3Bib3gvUGFwZXJzL0ludmVyc2lvbk1ldGhvZHMvQWx5YWh5YTE5ODlWQWJ5SXRlcmF0aXZlTWlncmF0aW9uLnBkZtIeHyYnoicjXE5TRGljdGlvbmFyeQAIABEAGgAfACkAMgA3ADoAPwBBAFMAXABiAGkAcAB4AIMAhQCIAIoAjACPAJEAkwCdAKoArwC3ALkCzwLUAt0C6ALsAvoDAQMKA1gDXQNgAAAAAAAAAgEAAAAAAAAAKAAAAAAAAAAAAAAAAAAAA20=}}



@inproceedings{lailly1983seismic,
  title={The seismic inverse problem as a sequence of before stack migrations},
  author={Lailly, Patrick},
  booktitle={Conference on inverse scattering: theory and application},
  pages={206--220},
  year={1983},
  organization={Society for Industrial and Applied Mathematics, Philadelphia, PA}
}



@article{TariqChoi,
author = {Tariq Alkhalifah and Yunseok Choi},
title = {From tomography to full-waveform inversion with a single objective function},
journal = {GEOPHYSICS},
volume = {79},
number = {2},
pages = {R55-R61},
year = {2014},
doi = {10.1190/geo2013-0291.1},

URL = { 
        http://dx.doi.org/10.1190/geo2013-0291.1
    
},
eprint = { 
        http://dx.doi.org/10.1190/geo2013-0291.1
    
}

}





@article{ChoiTariq,
author = {Yunseok Choi and Tariq Alkhalifah},
title = {Unwrapped phase inversion with an exponential damping},
journal = {GEOPHYSICS},
volume = {80},
number = {5},
pages = {R251-R264},
year = {2015},
doi = {10.1190/geo2014-0498.1},

URL = { 
        http://dx.doi.org/10.1190/geo2014-0498.1
    
},
eprint = { 
        http://dx.doi.org/10.1190/geo2014-0498.1
    
}

}



@article{van2013mitigating,
	Author = {van Leeuwen, Tristan and Herrmann, Felix J},
	Journal = {Geophysical Journal International},
	Number = {1},
	Pages = {661--667},
	Publisher = {Oxford University Press},
	Title = {Mitigating local minima in full-waveform inversion by expanding the search space},
	Volume = {195},
	Year = {2013}}

@inproceedings{simon,
author = {Simon Luo and Paul Sava},
title = {A deconvolution--based objective function for wave--equation inversion},
booktitle = {SEG Technical Program Expanded Abstracts 2011},
chapter = {546},
pages = {2788-2792},
doi = {10.1190/1.3627773},
URL = {http://library.seg.org/doi/abs/10.1190/1.3627773},
eprint = {http://library.seg.org/doi/pdf/10.1190/1.3627773},
year={2012}
}


@inproceedings{warner,
author = {Mike Warner and Lluís Guasch},
title = {Adaptive waveform inversion: Theory},
booktitle = {SEG Technical Program Expanded Abstracts 2014},
chapter = {207},
pages = {1089-1093},
doi = {10.1190/segam2014-0371.1},
URL = {http://library.seg.org/doi/abs/10.1190/segam2014-0371.1},
eprint = {http://library.seg.org/doi/pdf/10.1190/segam2014-0371.1},
year={2014}
}


@article{van2010correlation,
	Author = {van Leeuwen, Tristan and Mulder, WA},
	Journal = {Geophysical Journal International},
	Number = {3},
	Pages = {1383--1394},
	Publisher = {Oxford University Press},
	Title = {A correlation-based misfit criterion for wave-equation traveltime tomography},
	Volume = {182},
	Year = {2010}}





@article{MaWarping,
author = {Yong Ma and Dave Hale},
title = {Wave-equation reflection traveltime inversion with dynamic warping and full-waveform inversion},
journal = {GEOPHYSICS},
volume = {78},
number = {6},
pages = {R223-R233},
year = {2013},
doi = {10.1190/geo2013-0004.1},

URL = { 
        http://dx.doi.org/10.1190/geo2013-0004.1
    
},
eprint = { 
        http://dx.doi.org/10.1190/geo2013-0004.1
    
}

}


@article{GPR:GPR698,
	Author = {Symes, William W.},
	Doi = {10.1111/j.1365-2478.2008.00698.x},
	Issn = {1365-2478},
	Journal = {Geophysical Prospecting},
	Number = {6},
	Pages = {765--790},
	Publisher = {Blackwell Publishing Ltd},
	Title = {Migration velocity analysis and waveform inversion},
	Url = {http://dx.doi.org/10.1111/j.1365-2478.2008.00698.x},
	Volume = {56},
	Year = {2008},
	Bdsk-Url-1 = {http://dx.doi.org/10.1111/j.1365-2478.2008.00698.x}}





@inbook{FleuryPerrone,
author = {Clement Fleury and Francesco Perrone},
title = {Bi-objective optimization for the inversion of seismic reflection data: Combined FWI and MVA},
booktitle = {SEG Technical Program Expanded Abstracts 2012},
chapter = {548},
pages = {1-6},
doi = {10.1190/segam2012-0797.1},
URL = {http://library.seg.org/doi/abs/10.1190/segam2012-0797.1},
eprint = {http://library.seg.org/doi/pdf/10.1190/segam2012-0797.1},
year = {2012}
}



@article{diaz2013data,
	Author = {D{\'\i}az, Esteban and Sava, Paul and Yang, Tongning},
	Journal = {The Leading Edge},
	Number = {9},
	Pages = {1064--1072},
	Publisher = {Society of Exploration Geophysicists},
	Title = {Data-domain and image-domain wavefield tomography},
	Volume = {32},
	Year = {2013}}





@article{Kamath,
author = {Nishant Kamath and Ilya Tsvankin},
title = {Full-waveform inversion of multicomponent data for horizontally layered VTI media},
journal = {GEOPHYSICS},
volume = {78},
number = {5},
pages = {WC113-WC121},
year = {2013},
doi = {10.1190/geo2012-0415.1},

URL = { 
        http://dx.doi.org/10.1190/geo2012-0415.1
    
},
eprint = { 
        http://dx.doi.org/10.1190/geo2012-0415.1
    
}

}

@article{engquist2013application,
  title={Application of the Wasserstein metric to seismic signals},
  author={Engquist, Bjorn and Froese, Brittany D},
  journal={arXiv preprint arXiv:1311.4581},
  year={2013}
}






@article{LuoHale,
author = {Simon Luo and Dave Hale},
title = {Least-squares migration in the presence of velocity errors},
journal = {GEOPHYSICS},
volume = {79},
number = {4},
pages = {S153-S161},
year = {2014},
doi = {10.1190/geo2013-0374.1},

URL = { 
        http://dx.doi.org/10.1190/geo2013-0374.1
    
},
eprint = { 
        http://dx.doi.org/10.1190/geo2013-0374.1
    
}

}




@article{Sen91,
author = {Mrinal K. Sen and Paul L. Stoffa},
title = {Nonlinear one‐dimensional seismic waveform inversion using simulated annealing},
journal = {GEOPHYSICS},
volume = {56},
number = {10},
pages = {1624-1638},
year = {1991},
doi = {10.1190/1.1442973},

URL = { 
        http://dx.doi.org/10.1190/1.1442973
    
},
eprint = { 
        http://dx.doi.org/10.1190/1.1442973
    
}

}



@inbook{SenWorkshop,
author = {Mrinal K. Sen},
title = {Starting models in FWI: Global optimization approaches
},
booktitle = {SEG Technical Program Expanded Abstracts 2015 post-convention workshop},
year = {2015}
}






@article{Weglein2003,
	Abstract = {This paper presents an overview and a detailed description of the key logic steps and mathematical-physics framework behind the development of practical algorithms for seismic exploration derived from the inverse scattering series. There are both significant symmetries and critical subtle differences between the forward scattering series construction and the inverse scattering series processing of seismic events. These similarities and differences help explain the efficiency and effectiveness of different inversion objectives. The inverse series performs all of the tasks associated with inversion using the entire wavefield recorded on the measurement surface as input. However, certain terms in the series act as though only one specific task, and no other task, existed. When isolated, these terms constitute a task-specific subseries. We present both the rationale for seeking and methods of identifying uncoupled task-specific subseries that accomplish: (1) free-surface multiple removal; (2) internal multiple attenuation; (3) imaging primaries at depth; and (4) inverting for earth material properties. A combination of forward series analogues and physical intuition is employed to locate those subseries. We show that the sum of the four task-specific subseries does not correspond to the original inverse series since terms with coupled tasks are never considered or computed. Isolated tasks are accomplished sequentially and, after each is achieved, the problem is restarted as though that isolated task had never existed. This strategy avoids choosing portions of the series, at any stage, that correspond to a combination of tasks, i.e., no terms corresponding to coupled tasks are ever computed. This inversion in stages provides a tremendous practical advantage. The achievement of a task is a form of useful information exploited in the redefined and restarted problem; and the latter represents a critically important step in the logic and overall strategy. The individual subseries are analysed and their strengths, limitations and prerequisites exemplified with analytic, numerical and field data examples.},
	Author = {Arthur B Weglein and Fernanda V Ara{\'u}jo and Paulo M Carvalho and Robert H Stolt and Kenneth H Matson and Richard T Coates and Dennis Corrigan and Douglas J Foster and Simon A Shaw and Haiyan Zhang},
	Journal = {Inverse Problems},
	Number = {6},
	Pages = {R27},
	Title = {Inverse scattering series and seismic exploration},
	Url = {http://stacks.iop.org/0266-5611/19/i=6/a=R01},
	Volume = {19},
	Year = {2003},
	Bdsk-Url-1 = {http://stacks.iop.org/0266-5611/19/i=6/a=R01}}





@inbook{Ru-ShanWu,
author = {Ru-Shan Wu},
title = {Renormalization and direct nonlinear FWI – Concept and progress review},
booktitle = {2015 Workshop: Depth Model Building: Full-waveform Inversion, Beijing, China, 18-19 June 2015},
chapter = {3},
pages = {15-17},
doi = {10.1190/FWI2015-004},
year = {2015},
URL = {http://library.seg.org/doi/abs/10.1190/FWI2015-004},
eprint = {http://library.seg.org/doi/pdf/10.1190/FWI2015-004}
}








@inbook{Jakobsen,
author = {Morten Jakobsen and Ru-Shan Wu},
title = {T-matrix representation of the De Wolf series for modeling and inversion in strongly scattering media},
booktitle = {SEG Technical Program Expanded Abstracts 2015},
chapter = {247},
pages = {1280-1285},
doi = {10.1190/segam2015-5923950.1},
year = {2015},
URL = {http://library.seg.org/doi/abs/10.1190/segam2015-5923950.1},
eprint = {http://library.seg.org/doi/pdf/10.1190/segam2015-5923950.1}
}



@inbook{WuZheng,
author = {Ru-Shan Wu and Yingcai Zheng},
title = {Nonlinear Fréchet derivative and its De Wolf approximation},
booktitle = {SEG Technical Program Expanded Abstracts 2012},
chapter = {535},
pages = {1-6},
year = {2015},
doi = {10.1190/segam2012-1468.1},
URL = {http://library.seg.org/doi/abs/10.1190/segam2012-1468.1},
eprint = {http://library.seg.org/doi/pdf/10.1190/segam2012-1468.1}
}






@inbook{GuittonAreal,
author = {Antoine Guitton},
title = {Shot‐profile migration of multiple reflections},
booktitle = {SEG Technical Program Expanded Abstracts 2002},
chapter = {331},
pages = {1296-1299},
doi = {10.1190/1.1816892},
year = {2002},
URL = {http://library.seg.org/doi/abs/10.1190/1.1816892},
eprint = {http://library.seg.org/doi/pdf/10.1190/1.1816892}
}



@article{grion2007mirror,
  title={Mirror imaging of OBS data},
  author={Grion, Sergio and Exley, Russell and Manin, Michel and Miao, X and Pica, AL and Wang, Yi and Granger, P and Ronen, Shuki},
  journal={first break},
  volume={25},
  number={11},
  year={2007}
}

@article{VerschuurMultiples,
author = {D. J. (Eric) Verschuur and A. J. (Guus) Berkhout},
title = {Seismic migration of blended shot records with surface-related multiple scattering},
journal = {GEOPHYSICS},
volume = {76},
number = {1},
pages = {A7-A13},
year = {2011},
doi = {10.1190/1.3521658},

URL = { 
        http://dx.doi.org/10.1190/1.3521658
    
},
eprint = { 
        http://dx.doi.org/10.1190/1.3521658
    
}

}




@inbook{pantin2015optimizing,
  title={Optimizing the Input Model for Waveform Inversion Using Image-domain Wavefield Tomography with Illumination Compensation},
  author={D\'{i}az, EF and Sava, PC},
  booktitle={77th EAGE Conference and Exhibition-Workshops},
  year={2015}
}



@article{Mandy,
author = {Mandy Wong and Biondo L. Biondi and Shuki Ronen},
title = {Imaging with primaries and free-surface multiples by joint least-squares reverse time migration},
journal = {GEOPHYSICS},
volume = {80},
number = {6},
pages = {S223-S235},
year = {2015},
doi = {10.1190/geo2015-0093.1},

URL = { 
        http://dx.doi.org/10.1190/geo2015-0093.1
    
},
eprint = { 
        http://dx.doi.org/10.1190/geo2015-0093.1
    
}

}








@inbook{stochasticPisa,
author = {A. Sajeva and M. Aleardi and A. Mazzotti and N. Bienati and E. Stucchi},
title = {Estimation of velocity macro-models using stochastic full-waveform inversion},
booktitle = {SEG Technical Program Expanded Abstracts 2014},
chapter = {233},
pages = {1227-1231},
doi = {10.1190/segam2014-1088.1},
URL = {http://library.seg.org/doi/abs/10.1190/segam2014-1088.1},
eprint = {http://library.seg.org/doi/pdf/10.1190/segam2014-1088.1},
year = {2014}
}

@article{unified,
author = {Jon F. Claerbout},
title = {TOWARD A UNIFIED THEORY OF REFLECTOR MAPPING},
journal = {GEOPHYSICS},
volume = {36},
number = {3},
pages = {467-481},
year = {1971},
doi = {10.1190/1.1440185},

URL = { 
        http://dx.doi.org/10.1190/1.1440185
    
},
eprint = { 
        http://dx.doi.org/10.1190/1.1440185
    
}

}




@article{Fil2014,
author = {Filippo Broggini and Roel Snieder and Kees Wapenaar},
title = {Data-driven wavefield focusing and imaging with multidimensional deconvolution: Numerical examples for reflection data with internal multiples},
journal = {GEOPHYSICS},
volume = {79},
number = {3},
pages = {WA107-WA115},
year = {2014},
doi = {10.1190/geo2013-0307.1},

URL = { 
        http://dx.doi.org/10.1190/geo2013-0307.1
    
},
eprint = { 
        http://dx.doi.org/10.1190/geo2013-0307.1
    
}

}



@article{DiazRTM,
	Author = {D{\'\i}az, Esteban and Sava, Paul},
	Journal = {Geophysical Prospecting},
	Pages = {n/a--n/a},
	Title = {Understanding the reverse time migration backscattering: noise or signal?},
	Year = {2015}}

@article{hale2013dynamic,
  title={Dynamic warping of seismic images},
  author={Hale, Dave},
  journal={Geophysics},
  volume={78},
  number={2},
  pages={S105--S115},
  year={2013},
  publisher={Society of Exploration Geophysicists}
}




@inbook{DiazLcorr,
author = {Esteban D\'{i}az and Paul Sava},
title = {Data domain wavefield tomography using local correlation functions},
booktitle = {SEG Technical Program Expanded Abstracts 2015},
chapter = {261},
pages = {1361-1365},
year = {2015},
doi = {10.1190/segam2015-5881732.1},
URL = {http://library.seg.org/doi/abs/10.1190/segam2015-5881732.1},
eprint = {http://library.seg.org/doi/pdf/10.1190/segam2015-5881732.1}
}
