@book{Claerbout.blackwell.85,
  author = {J[on] F[] Claerbout},
  publisher = {Blackwell Scientific Publications},
  title = {{Imaging the Earth's Interior}},
  year = {1985}
}
@book{claerbout:467,
 author = {Claerbout, Jon F.},
 title = {Imaging the earth's interior},
 year = {1985},
 isbn = {0-86542-304-0},
 publisher = {Blackwell Scientific Publications, Inc.},
 address = {Cambridge, MA, USA},
} 


@inproceedings{Sigsbee,
   author    = {J[] Paffenholz and B[] McLain and J[] Zaske and P[] Keliher},
   year      = {2002},
   title     = {Subsalt multiple attenuation and imaging: {O}bservations from the {S}igsbee 2{B} synthetic dataset},
   booktitle = {Expanded Abstracts },
   meeting   = {72nd Annual International Meeting, SEG},
   pages     = {2122-2125}
}


@article{tony_seg:cwp12,
author = {Tongning Yang and Jeffrey Shragge and Paul C. Sava},
title = {Illumination compensation for image-domain wavefield tomography},
journal = {Submitted to Geophysics},
volume = {},
number = {},
publisher = {},
year = {2012}
}
@article{tony:cwp12,
author = {Tongning Yang and Jeffrey Shragge and Paul C. Sava},
title = {Illumination compensation for image-domain wavefield tomography},
journal = {CWP },
volume = {711},
number = {711},
publisher = {},
pages = {93-110},
year = {2012}
}

@article{YangSava.geo.mixlag,
   author = {T[ongning] Yang and P[aul] Sava},
   title = { Moveout analysis of wave-equation extended images},
   journal = {{G}eophysics},
   year = {2010},
   volume = {75},
   number = {4},
   pages = {151--161}
}

@article{GPR:GPR888,
author = {Sava, Paul and Vasconcelos, Ivan},
title = {Extended imaging conditions for wave-equation migration},
journal = {Geophysical Prospecting},
volume = {59},
number = {1},
publisher = {Blackwell Publishing Ltd},
issn = {1365-2478},
url = {http://dx.doi.org/10.1111/j.1365-2478.2010.00888.x},
doi = {10.1111/j.1365-2478.2010.00888.x},
pages = {35--55},
keywords = {Imaging, Interferometry, Tomography, Velocity analysis, Wave-equation},
year = {2011},
}


@article{rickett:883,
author = {James E. Rickett and Paul C. Sava},
collaboration = {},
title = {Offset and angle-domain common image-point gathers for shot-profile migration},
publisher = {SEG},
year = {2002},
journal = {Geophysics},
volume = {67},
number = {3},
pages = {883-889},
keywords = {tomography; seismology; seismic waves; acoustic imaging; geophysics computing; geophysical techniques},
url = {http://link.aip.org/link/?GPY/67/883/1},
doi = {10.1190/1.1484531}
}




@article{sava:1065,
author = {Paul C. Sava and Sergey Fomel},
collaboration = {},
title = {Angle-domain common-image gathers by wavefield continuation methods},
publisher = {SEG},
year = {2003},
journal = {Geophysics},
volume = {68},
number = {3},
pages = {1065-1074},
keywords = {seismology; geophysical techniques; imaging; wave equations; geophysics computing; seismic waves; ray tracing; acoustic wave reflection},
url = {http://link.aip.org/link/?GPY/68/1065/1},
doi = {10.1190/1.1581078}
}





@article{shen:2132,
author = {Peng Shen and William W. Symes and Christiaan C. Stolk},
collaboration = {},
title = {Differential semblance velocity analysis by wave-equation migration},
publisher = {SEG},
year = {2003},
journal = {SEG Technical Program Expanded Abstracts},
volume = {22},
number = {1},
pages = {2132-2135},
url = {http://link.aip.org/link/?SGA/22/2132/1},
doi = {10.1190/1.1817759}
}



@book{Claerbout:1985,
 author = {Claerbout, Jon F.},
 title = {Imaging the earth's interior},
 year = {1985},
 isbn = {0-86542-304-0},
 publisher = {Blackwell Scientific Publications, Inc.},
 address = {Cambridge, MA, USA},
} 


@article{shen:VE49,
author = {Peng Shen and William W. Symes},
collaboration = {},
title = {Automatic velocity analysis via shot profile migration},
publisher = {SEG},
year = {2008},
journal = {Geophysics},
volume = {73},
number = {5},
pages = {VE49-VE59},
keywords = {geophysical prospecting; geophysical signal processing; seismic waves; seismology},
url = {http://link.aip.org/link/?GPY/73/VE49/1},
doi = {10.1190/1.2972021}
}






@article{gazdag:124,
author = {Jeno Gazdag and Piero Sguazzero},
collaboration = {},
title = {Migration of seismic data by phase shift plus interpolation},
publisher = {SEG},
year = {1984},
journal = {Geophysics},
volume = {49},
number = {2},
pages = {124-131},
url = {http://link.aip.org/link/?GPY/49/124/1},
doi = {10.1190/1.1441643}
}



@article{gazdag:1342,
author = {Jen\"{o} Gazdag},
collaboration = {},
title = {Wave equation migration with the phase-shift method},
publisher = {SEG},
year = {1978},
journal = {Geophysics},
volume = {43},
number = {7},
pages = {1342-1351},
url = {http://link.aip.org/link/?GPY/43/1342/1},
doi = {10.1190/1.1440899}
}




@article{sava:S131,
author = {Paul Sava and Ioan Vlad},
collaboration = {},
title = {Wide-azimuth angle gathers for wave-equation migration},
publisher = {SEG},
year = {2011},
journal = {Geophysics},
volume = {76},
number = {3},
pages = {S131-S141},
keywords = {geophysical techniques; seismic waves; seismology; wave equations},
url = {http://link.aip.org/link/?GPY/76/S131/1},
doi = {10.1190/1.3560519}
}





@article{youn:246,
author = {Oong K. Youn and Hua{-}wei Zhou},
collaboration = {},
title = {Depth imaging with multiples},
publisher = {SEG},
year = {2001},
journal = {Geophysics},
volume = {66},
number = {1},
pages = {246-255},
url = {http://link.aip.org/link/?GPY/66/246/1},
doi = {10.1190/1.1444901}
}




@article{liu:S29,
author = {Faqi Liu and Guanquan Zhang and Scott A. Morton and Jacques P. Leveille},
collaboration = {},
title = {An effective imaging condition for reverse-time migration using wavefield decomposition},
publisher = {SEG},
year = {2011},
journal = {Geophysics},
volume = {76},
number = {1},
pages = {S29-S39},
keywords = {geophysical image processing; geophysical techniques; Hilbert transforms; image denoising; seismology; source separation},
url = {http://link.aip.org/link/?GPY/76/S29/1},
doi = {10.1190/1.3533914}
}



@article{baysal:1514,
author = {Edip Baysal and Dan D. Kosloff and John W. C. Sherwood},
collaboration = {},
title = {Reverse time migration},
publisher = {SEG},
year = {1983},
journal = {Geophysics},
volume = {48},
number = {11},
pages = {1514-1524},
url = {http://link.aip.org/link/?GPY/48/1514/1},
doi = {10.1190/1.1441434}
}



@article{whitmore:382,
author = {N. D. Whitmore},
collaboration = {},
title = {Iterative depth migration by backward time propagation},
publisher = {SEG},
year = {1983},
journal = {SEG Technical Program Expanded Abstracts},
volume = {2},
number = {1},
pages = {382-385},
url = {http://link.aip.org/link/?SGA/2/382/1},
doi = {10.1190/1.1893867}
}




@article{guitton:S19,
author = {Antoine Guitton and Bruno Kaelin and Biondo Biondi},
collaboration = {},
title = {Least-squares attenuation of reverse-time-migration artifacts},
publisher = {SEG},
year = {2007},
journal = {Geophysics},
volume = {72},
number = {1},
pages = {S19-S23},
keywords = {seismic waves; least squares approximations; geophysical signal processing},
url = {http://link.aip.org/link/?GPY/72/S19/1},
doi = {10.1190/1.2399367}
}


@article{kaelin:3125,
author = {Bruno Kaelin and Carla Carvajal},
collaboration = {},
title = {Eliminating imaging artifacts in {RTM} using pre-stack gathers},
publisher = {SEG},
year = {2011},
journal = {SEG Technical Program Expanded Abstracts},
volume = {30},
number = {1},
pages = {3125-3129},
keywords = {filtering; imaging; migration; prestack; reverse-time},
url = {http://link.aip.org/link/?SGA/30/3125/1},
doi = {10.1190/1.3627845}
}






@article{baysal:132,
author = {Edip Baysal and Dan D. Kosloff and J. W. C. Sherwood},
collaboration = {},
title = {A two-way nonreflecting wave equation},
publisher = {SEG},
year = {1984},
journal = {Geophysics},
volume = {49},
number = {2},
pages = {132-141},
url = {http://link.aip.org/link/?GPY/49/132/1},
doi = {10.1190/1.1441644}
}



@article{fletcher:2049,
author = {Robin F. Fletcher and Paul Fowler and Phil Kitchenside and Uwe Albertin},
collaboration = {},
title = {Suppressing artifacts in prestack reverse time migration},
publisher = {SEG},
year = {2005},
journal = {SEG Technical Program Expanded Abstracts},
volume = {24},
number = {1},
pages = {2049-2051},
url = {http://link.aip.org/link/?SGA/24/2049/1},
doi = {10.1190/1.2148113}
}




@article{sava:S209,
author = {Paul Sava and Sergey Fomel},
collaboration = {},
title = {Time-shift imaging condition in seismic migration},
publisher = {SEG},
year = {2006},
journal = {Geophysics},
volume = {71},
number = {6},
pages = {S209-S217},
keywords = {seismology; geophysical techniques; geophysical signal processing},
url = {http://link.aip.org/link/?GPY/71/S209/1},
doi = {10.1190/1.2338824}
}


@article{fei:3130,
author = {Tong W. Fei and Yi Luo and Gerard T. Schuster},
collaboration = {},
title = {De-blending reverse-time migration},
publisher = {SEG},
year = {2010},
journal = {SEG Technical Program Expanded Abstracts},
volume = {29},
number = {1},
pages = {3130-3134},
keywords = {depth; migration; noise; prestack; wave equation},
url = {http://link.aip.org/link/?SGA/29/3130/1},
doi = {10.1190/1.3513496}
}

@article{GPR:GPR413,
author = {McMechan, G. A.},
title = {MIGRATION BY EXTRAPOLATION OF TIME-DEPENDENT BOUNDARY VALUES},
journal = {Geophysical Prospecting},
volume = {31},
number = {3},
publisher = {Blackwell Publishing Ltd},
issn = {1365-2478},
url = {http://dx.doi.org/10.1111/j.1365-2478.1983.tb01060.x},
doi = {10.1111/j.1365-2478.1983.tb01060.x},
pages = {413--420},
year = {1983},
}




@article {GPR:GPR954,
author = {Yang, Tongning and Sava, Paul},
title = {Wave-equation migration velocity analysis with time-shift imaging},
journal = {Geophysical Prospecting},
volume = {59},
number = {4},
publisher = {Blackwell Publishing Ltd},
issn = {1365-2478},
url = {http://dx.doi.org/10.1111/j.1365-2478.2011.00954.x},
doi = {10.1111/j.1365-2478.2011.00954.x},
pages = {635--650},
keywords = {Focusing error, Migration velocity analysis, Time-shift imaging},
year = {2011},
}

@article{yoon,
author = {Kwangjin Yoon and Kurt J. Marfurt and William Starr},
title = {Challenges in reverse‐time migration},
journal = {SEG Technical Program Expanded Abstracts},
publisher = {SEG},
year = {2004},
chapter = {266},
pages = {1057-1060},
doi = {10.1190/1.1851068},
URL = {http://library.seg.org/doi/abs/10.1190/1.1851068},
eprint = {http://library.seg.org/doi/pdf/10.1190/1.1851068}
}

@article{YuZhang,
  author = {Yu Zhang and James Sum},
  journal = {First Break},
  number = {},
  pages = {53-59},
  publisher = {EAGE},
  title = { Practical issues in reverse time migration: true amplitude gathers, noise removal and 
          harmonic source encoding},
  volume = {27},
  year = {2009}
  }

@article{tarantola,
   author = {A[] Tarantola},
   journal = {Geophysics},
   number = {08},
   pages = {1259-1266},
   publisher = {Soc. of Expl. Geophys.},
   title = {Inversion of seismic reflection data in the acoustic approximation},
   volume = {49},
   year = {1984}
}

@article{pratt:01,
   author = {R[] G[] Pratt},
   journal = {Geophysics},
   number = {03},
   pages = {888-901},
   publisher = {Soc. of Expl. Geophys.},
   title = {Seismic waveform inversion in the frequency domain, {P}art {I}: {T}heory and verification in a physical scale model},
   volume = {64},
   year = {1999}
}

@article{diaz:cwp12.report,
author = {Esteban D\'{i}az and Paul Sava},
title = {Understanding the reverse time migration backscattering:
Noise or signal?},
journal = {CWP },
volume = {711},
number = {711},
publisher = {},
pages = {111-124},
year = {2012}
}

@article{diaz:cwp12,
author = {Esteban D\'{i}az and Paul Sava},
title = {Understanding the reverse time migration backscattering: noise or signal?},
journal = {SEG Technical Program Expanded Abstracts 2012},
chapter = {662},
pages = {1-6},
year = {2012},
doi = {10.1190/segam2012-1203.1},
URL = {http://library.seg.org/doi/abs/10.1190/segam2012-1203.1},
eprint = {http://library.seg.org/doi/pdf/10.1190/segam2012-1203.1}
}

@article{Woodward_1992,
author = {Woodward, M.},
title = {Wave-equation tomography},
journal = {Geophysics},
volume = {57},
number = {1},
pages = {15-26},
year = {1992},
doi = {10.1190/1.1443179},

URL = {http://library.seg.org/doi/abs/10.1190/1.1443179},
eprint = {http://library.seg.org/doi/pdf/10.1190/1.1443179}
}



@article{SavaBiondi.gp.wemva1,
  author =  { P[aul] Sava and B[iondo] Biondi },
  title =   { Wave-equation migration velocity analysis - {I}: {Theory} },
  journal = {Geophysical Prospecting},
  year =   {2004},
  volume = {52},
  pages =  {593--606}
}

@article{SavaBiondi.gp.wemva2,
  author =  { P[aul] Sava and B[iondo] Biondi },
  title =   { Wave-equation migration velocity analysis - {II}: {Subsalt} imaging examples},
  journal = {Geophysical Prospecting},
  year =   {2004},
  volume = {52},
  pages =  {607--623}
}





@article{Yang2011,
  author = {Tongning Yang and Paul Sava},
  title = {{I}mage-domain waveform tomography with two-way wave-equation},
  journal = {SEG Technical Program Expanded Abstracts 2011},
  volume = {508},
  pages = {2591-2596},
  year = {2011}
}



@article{stork,
author = {Stork, C.},
title = {{R}eflection tomography in the postmigrated domain},
journal = {Geophysics},
volume = {57},
number = {5},
pages = {680-692},
year = {1992},
doi = {10.1190/1.1443282},

URL = {http://library.seg.org/doi/abs/10.1190/1.1443282},
eprint = {http://library.seg.org/doi/pdf/10.1190/1.1443282}
}




@article{moritz,
author = {Fliedner, M. and Bevc, D.},
title = {Automated velocity model building with wavepath tomography},
journal = {Geophysics},
volume = {73},
number = {5},
pages = {VE195-VE204},
year = {2008},
doi = {10.1190/1.2957892},

URL = {http://library.seg.org/doi/abs/10.1190/1.2957892},
eprint = {http://library.seg.org/doi/pdf/10.1190/1.2957892}
}


@article {symesDSO,
author = {Symes, William W. and Kern, Michel},
title = {Inversion of reflection seismograms by differential semblance analysis: algorithm structure and synthetic examples1},
journal = {Geophysical Prospecting},
volume = {42},
number = {6},
publisher = {Blackwell Publishing Ltd},
issn = {1365-2478},
url = {http://dx.doi.org/10.1111/j.1365-2478.1994.tb00231.x},
doi = {10.1111/j.1365-2478.1994.tb00231.x},
pages = {565--614},
year = {1994},
}



@article{Murphy,
author = {Murphy, G. and Gray, S.},
title = {Manual seismic reflection tomography},
journal = {Geophysics},
volume = {64},
number = {5},
pages = {1546-1552},
year = {1999},
doi = {10.1190/1.1444658},

URL = {http://library.seg.org/doi/abs/10.1190/1.1444658},
eprint = {http://library.seg.org/doi/pdf/10.1190/1.1444658}
}

@article{wang,
author = {Wang, X. and Tsvankin, I.},
title = {Ray-based gridded tomography for tilted transversely isotropic media},
journal = {Geophysics},
volume = {78},
number = {1},
pages = {C11-C23},
year = {2013},
doi = {10.1190/geo2012-0066.1},

URL = {http://library.seg.org/doi/abs/10.1190/geo2012-0066.1},
eprint = {http://library.seg.org/doi/pdf/10.1190/geo2012-0066.1}
}


@article{Lailly01021996,
author = {Lailly, P. and Sinoquet, D.}, 
title = {Smooth velocity models in reflection tomography for imaging complex geological structures},
volume = {124}, 
number = {2}, 
pages = {349-362}, 
year = {1996}, 
doi = {10.1111/j.1365-246X.1996.tb07025.x}, 
URL = {http://gji.oxfordjournals.org/content/124/2/349.abstract}, 
eprint = {http://gji.oxfordjournals.org/content/124/2/349.full.pdf+html}, 
journal = {Geophysical Journal International} 
}


@article {plessix,
author = {Plessix, R.-E.},
title = {A review of the adjoint-state method for computing the gradient of a functional with geophysical applications},
journal = {Geophysical Journal International},
volume = {167},
number = {2},
publisher = {Blackwell Publishing Ltd},
issn = {1365-246X},
url = {http://dx.doi.org/10.1111/j.1365-246X.2006.02978.x},
doi = {10.1111/j.1365-246X.2006.02978.x},
pages = {495--503},
keywords = {adjoint state, gradient, migration, tomography},
year = {2006},
}


@article {SymesASM,
author = {Symes, William W.},
title = {Migration velocity analysis and waveform inversion},
journal = {Geophysical Prospecting},
volume = {56},
number = {6},
publisher = {Blackwell Publishing Ltd},
issn = {1365-2478},
url = {http://dx.doi.org/10.1111/j.1365-2478.2008.00698.x},
doi = {10.1111/j.1365-2478.2008.00698.x},
pages = {765--790},
year = {2008},
}



@article{symes.carazzone,
author = {Symes, W. and Carazzone, J.},
title = {Velocity inversion by differential semblance optimization},
journal = {Geophysics},
volume = {56},
number = {5},
pages = {654-663},
year = {1991},
doi = {10.1190/1.1443082},

URL = {http://library.seg.org/doi/abs/10.1190/1.1443082},
eprint = {http://library.seg.org/doi/pdf/10.1190/1.1443082}
}




@article{imtiaz,
author = {Imtiaz Ahmed and Ryan Faerber and Chandan Kumar and Frederic Billette},
title = {Interactive velocity model validation ({IVMV})},
journal = {SEG Technical Program Expanded Abstracts 2012},
chapter = {817},
pages = {1-5},
year = {2012},
doi = {10.1190/segam2012-1439.1},
URL = {http://library.seg.org/doi/abs/10.1190/segam2012-1439.1},
eprint = {http://library.seg.org/doi/pdf/10.1190/segam2012-1439.1}
}



@article{Gray2001,
author = {Gray, S. and Etgen, J. and Dellinger, J. and Whitmore, D.},
title = {Seismic migration problems and solutions},
journal = {Geophysics},
volume = {66},
number = {5},
pages = {1622-1640},
year = {2001},
doi = {10.1190/1.1487107},

URL = {http://library.seg.org/doi/abs/10.1190/1.1487107},
eprint = {http://library.seg.org/doi/pdf/10.1190/1.1487107}
}


@article{Etgen2009,
author = {Etgen, J. and Gray, S. and Zhang, Y.},
title = {An overview of depth imaging in exploration geophysics},
journal = {Geophysics},
volume = {74},
number = {6},
pages = {WCA5-WCA17},
year = {2009},
doi = {10.1190/1.3223188},
URL = {http://library.seg.org/doi/abs/10.1190/1.3223188},
eprint = {http://library.seg.org/doi/pdf/10.1190/1.3223188}
}




@article{Lomask,
author = {Lomask, J. and Clapp, R. and Biondi, B.},
title = {Application of image segmentation to tracking 3D salt boundaries},
journal = {Geophysics},
volume = {72},
number = {4},
pages = {P47-P56},
year = {2007},
doi = {10.1190/1.2732553},
URL = {http://library.seg.org/doi/abs/10.1190/1.2732553},
eprint = {http://library.seg.org/doi/pdf/10.1190/1.2732553}
}


@article{halpert,
author = {Adam D. Halpert},
title = {Model-building with image segmentation and fast image updates},
booktitle = {SEG Technical Program Expanded Abstracts 2011},
chapter = {794},
pages = {4035-4039},
year = {2011},
doi = {10.1190/1.3628049},
URL = {http://library.seg.org/doi/abs/10.1190/1.3628049},
eprint = {http://library.seg.org/doi/pdf/10.1190/1.3628049}
}


@article{cameron-fomel,
author = {Cameron, M. and Fomel, S. and Sethian, J.},
title = {Time-to-depth conversion and seismic velocity estimation using time-migration velocity},
journal = {Geophysics},
volume = {73},
number = {5},
pages = {VE205-VE210},
year = {2008},
doi = {10.1190/1.2967501},

URL = {http://library.seg.org/doi/abs/10.1190/1.2967501},
eprint = {http://library.seg.org/doi/pdf/10.1190/1.2967501}
}

@article{symes2007reverse,
  title={Reverse time migration with optimal checkpointing},
  author={Symes, William W},
  journal={Geophysics},
  volume={72},
  number={5},
  pages={SM213--SM221},
  year={2007},
  publisher={Society of Exploration Geophysicists}
}




@inbook{Montel,
author = {Jean‐Philippe Montel and Gilles Lambar\'{e} and Patrice Guillaume},
title = {Non‐linear slope tomography from RTM and Kirchhoff angle domain common‐image gathers},
booktitle = {SEG Technical Program Expanded Abstracts 2011},
chapter = {784},
year = {2011},
pages = {3984-3988},
doi = {10.1190/1.3628038},
URL = {http://library.seg.org/doi/abs/10.1190/1.3628038},
eprint = {http://library.seg.org/doi/pdf/10.1190/1.3628038}
}






@article{boschReview,
author = {Miguel Bosch and Tapan Mukerji and Ezequiel F. Gonzalez},
title = {Seismic inversion for reservoir properties combining statistical rock physics and geostatistics: A review},
journal = {Geophysics},
volume = {75},
number = {5},
pages = {75A165-75A176},
year = {2010},
doi = {10.1190/1.3478209},

URL = { 
        http://dx.doi.org/10.1190/1.3478209
    
},
eprint = { 
        http://dx.doi.org/10.1190/1.3478209
    
}

}


@book{marchenko2011sturm,
  title={Sturm-Liouville operators and applications},
  author={Marchenko, Vladimir Aleksandrovich},
  volume={373},
  year={2011},
  publisher={American Mathematical Soc.}
}


@article{hicks2002arbitrary,
  title={Arbitrary source and receiver positioning in finite-difference schemes using Kaiser windowed sinc functions},
  author={Hicks, Graham J},
  journal={Geophysics},
  volume={67},
  number={1},
  pages={156--165},
  year={2002},
  publisher={Society of Exploration Geophysicists}
}
