@article{guitton2012constrained,
  title={Constrained full-waveform inversion by model reparameterization 1},
  author={Guitton, Antoine and Ayeni, Gboyega and D{\'\i}az, Esteban},
  journal={Geophysics},
  volume={77},
  number={2},
  pages={R117--R127},
  year={2012},
  publisher={Society of Exploration Geophysicists}
}

@article{guitton2012attenuating,
  title={Attenuating crosstalk noise with simultaneous source full waveform inversion},
  author={Guitton, Antoine and D{\'\i}az, Esteban},
  journal={Geophysical Prospecting},
  volume={60},
  number={4},
  pages={759--768},
  year={2012},
  publisher={Wiley Online Library}
}

@article{diaz2013data,
  title={Data-domain and image-domain wavefield tomography},
  author={D{\'\i}az, Esteban and Sava, Paul and Yang, Tongning},
  journal={The Leading Edge},
  volume={32},
  number={9},
  pages={1064--1072},
  year={2013},
  publisher={Society of Exploration Geophysicists}
}

@inproceedings{sava2013wavefield,
  title={Wavefield tomography without low frequency data},
  author={Sava, Paul and Diaz, E and Yang, Tongning},
  booktitle={75th EAGE Conference \& Exhibition-Workshops},
  year={2013}
}

@inproceedings{diaz2011fast,
  title={Fast full waveform inversion with random shot decimation},
  author={D{\'\i}az, Esteban and Guitton, Antoine and others},
  booktitle={2011 SEG Annual Meeting},
  year={2011},
  organization={Society of Exploration Geophysicists}
}

@article{diaz2015understanding,
  title={Understanding the reverse time migration backscattering: noise or signal?},
  author={D{\'\i}az, Esteban and Sava, Paul},
  journal={Geophysical Prospecting},
  year={2015}
}

@inproceedings{diaz2014image,
  title={Image-Domain And Data-Domain Waveform Tomography: A Case Study},
  author={D{\'\i}az, Esteban and Duan, Yuting and Pratt, Gerhard and Sava, Paul},
  booktitle={2014 SEG Annual Meeting},
  year={2014},
  organization={Society of Exploration Geophysicists}
}

@article{diaz2014wavefield,
  title={Wavefield tomography using reverse time migration backscattering},
  author={D{\'\i}az, Esteban and Sava, Paul},
  journal={Geophysics},
  volume={80},
  number={1},
  pages={R57--R69},
  year={2014},
  publisher={Society of Exploration Geophysicists}
}

@article{pedrassi2015application,
  title={Application of waveform tomography at the Campos Basin field},
  author={Pedrassi, Mauricio and Behura, Jyoti and Davis, Thomas L and Diaz, Esteban and Singh, Satyan},
  journal={First Break},
  volume={33},
  number={9},
  pages={87--93},
  year={2015}
}

@inproceedings{kamath2015elastic,
  title={Elastic full-waveform inversion for a synthetic VTI model from Valhall field},
  author={Kamath, Nishant and Tsvankin, Ilya and D{\'\i}az, Esteban and others},
  booktitle={2015 SEG Annual Meeting},
  year={2015},
  organization={Society of Exploration Geophysicists}
}

@incollection{diaz2015data,
  title={Data domain wavefield tomography using local correlation functions},
  author={D{\'\i}az, Esteban and Sava, Paul},
  booktitle={SEG Technical Program Expanded Abstracts 2015},
  pages={1361--1365},
  year={2015},
  publisher={Society of Exploration Geophysicists}
}

@incollection{li2016gradient,
  title={Gradient computation for VTI acoustic wavefield tomography},
  author={Li, Vladimir and Wang, Hui and Tsvankin, Ilya and Diaz, Esteban and Alkhalifah, Tariq},
  booktitle={SEG Technical Program Expanded Abstracts 2016},
  pages={419--424},
  year={2016},
  publisher={Society of Exploration Geophysicists}
}

@incollection{diaz2016imaging,
  title={Imaging the model through the wave equation},
  author={Diaz, Esteban and Sava, Paul and Snieder, Roelof and Singh, Satyan},
  booktitle={SEG Technical Program Expanded Abstracts 2016},
  pages={3708--3713},
  year={2016},
  publisher={Society of Exploration Geophysicists}
}

@incollection{kamath2016elastic,
  title={Elastic FWI for VTI media: A synthetic parameterization study},
  author={Kamath, Nishant and Tsvankin, Ilya and Diaz, Esteban},
  booktitle={SEG Technical Program Expanded Abstracts 2016},
  pages={301--305},
  year={2016},
  publisher={Society of Exploration Geophysicists}
}

@incollection{diaz2016extended,
  title={Extended imaging, deconvolution, and two-way wavefields: A comparison},
  author={Diaz, Esteban and Sava, Paul and Singh, Satyan},
  booktitle={SEG Technical Program Expanded Abstracts 2016},
  pages={4487--4492},
  year={2016},
  publisher={Society of Exploration Geophysicists}
}
