


@article{tle-FWI,
author = {\textbf{D\'{i}az, E.} and Sava, P. and Yang, T.},
title = {Data-domain and image-domain wavefield tomography},
journal = {The Leading Edge},
volume = {32},
number = {9},
pages = {1064-1072},
year = {2013},
doi = {10.1190/tle32091064.1},

URL = {http://library.seg.org/doi/abs/10.1190/tle32091064.1},
eprint = {http://library.seg.org/doi/pdf/10.1190/tle32091064.1}
}


@Article{ diaz-seg,
	author = "{\textbf{Esteban D\'{i}az} and Antoine Guitton}",
	title = "{F}ast full waveform inversion with random shot decimation",
	publisher = "SEG",
	year = "2011",
	journal = "SEG {T}echnical {P}rogram {E}xpanded {A}bstracts",
	volume = "30",
	number = "1",
	pages = "2804--2808",
	keywords = "full waveform inversion, random, velocity",
	url = "http://link.aip.org/link/?SGA/30/2804/1",
	doi = "10.1190/1.3627777"
}

@Article{ diaz-eage,
	author = "\textbf{Esteban D\'{i}az} and Antoine Guitton",
	title = "{R}educing {A}rtifacts in {E}ncoded-{S}hots {F}ull {W}aveform {I}nversion {U}sing {P}reconditioning",
	publisher = "EAGE",
	year = "2011",
	journal = "73rd {EAGE} {C}onference \& {E}xhibition",
	volume = "P361",
	number = "",
	pages = ""
}

@article {Guitton-Diaz,
author = {Guitton, Antoine and \textbf{D\'{i}az, Esteban}},
title = {Attenuating crosstalk noise with simultaneous source full waveform inversion},
journal = {Geophysical Prospecting},
volume = {60},
number = {4},
publisher = {Blackwell Publishing Ltd},
issn = {1365-2478},
url = {http://dx.doi.org/10.1111/j.1365-2478.2011.01023.x},
doi = {10.1111/j.1365-2478.2011.01023.x},
pages = {759--768},
keywords = {Crosstalk, Artefacts, Encoded shots},
year = {2012},
}

@article{Guitton-Ayeni-Diaz,
author = {Antoine Guitton and Gboyega Ayeni and \textbf{Esteban D\'{\i}az}},
collaboration = {},
title = {Constrained full-waveform inversion by model reparameterization},
publisher = {SEG},
year = {2012},
journal = {Geophysics},
volume = {77},
number = {2},
pages = {R117-R127},
keywords = {inversion; velocity analysis; wave equation; least squares},
url = {http://link.aip.org/link/?GPY/77/R117/1},
doi = {10.1190/geo2011-0196.1}
}



@article{Diaz-Sava-SEG2013,
author = {\textbf{Esteban D\'{i}az} and Paul C. Sava},
collaboration= {},
title = {Wavefield tomography using {RTM} backscattering},
publisher = "SEG",
year = "2013",
journal = "SEG {T}echnical {P}rogram {E}xpanded {A}bstracts",
}


@Article{ diaz-sovg,
	author = "\textbf{{Esteban D{\'i}az Pantin}}; Miguel Bosch; Vincenzo Costanzo and Johnny Merchan",
	title = "Joint inversion of gravity and tele-seismic travel time data for the estimation of the lithosphere earth structure in the north-western region of {V}enezuela (in Spanish)",
	publisher = "SOVG",
	year = "2008",
	journal = "IX {C}ongreso {V}enezolano de {G}eof{\'i}sica",
	volume = "",
	number = "",
	pages = ""
}

@inproceedings{pantin2015optimizing,
  title={Optimizing the Input Model for Waveform Inversion Using Image-domain Wavefield Tomography with Illumination Compensation},
  author={\textbf{Pantin, EF D{\'i}az} and Sava, PC},
  booktitle={77th EAGE Conference and Exhibition-Workshops},
  year={2015}
}

@inproceedings{ediaz2014image,
  title={Image-domain and data-domain waveform tomography: a case study},
  author={\textbf{D{\'\i}az, Esteban} and Duan, Yuting and Pratt, Gerhard and Sava, Paul and others},
  booktitle={2014 SEG Annual Meeting},
  year={2014},
  organization={Society of Exploration Geophysicists}
}
@article{diaz2014wavefield,
  title={Wavefield tomography using reverse time migration backscattering},
  author={\textbf{D{\'\i}az, Esteban} and Sava, Paul},
  journal={Geophysics},
  volume={80},
  number={1},
  pages={R57--R69},
  year={2014},
  publisher={Society of Exploration Geophysicists}
}
@article{diaz2014RTM,
  title={Understanding the reverse time migration backscattering: noise or signal?},
  author={\textbf{D{\'\i}az, Esteban} and Sava, Paul},
  journal={Geophysical Prospecting, IN PRESS},
  volume={},
  number={},
  pages={},
  year={2015},
  publisher={}
}
