@Article{scaleswave,
  author =       {J[ohn] A[] Scales and R[oel] Snieder},
  title =        {What is a wave?},
  journal =      {Nature},
  year =         {1999},
  volume =       {401},
  pages =        {739-740}
}

@Article{Shragge.geo.nonlinear,
   author = {J[effrey] Shragge},
   title = {Non-linear {R}iemannian Wavefield Extrapolation},
   journal = {Geophysics},
   year = {2007},
   volume = {},
   number = {},
   pages = {submitted for publication}
}

@inproceedings{Zhang.eageab.2006,
   author    = {Y[] Zhang and S[] Xu and G[] Zhang},
   year      = {2006},
   title     = {Imaging Complex Salt Bodies with Turning-Wave One-Way Wave Equation Migration},
   booktitle = {Abstracts},
   publisher = {Eur. Assoc. Expl. Geophys.},
   meeting   = {68th Mtg.},
   pages     = {}
}

@inproceedings{Fomel.seg.3dadcig,
   author = {S[ergey] Fomel},
   year={2004},
   title={Theory of {3-D} angle gathers in wave-equation imaging},
   booktitle = {Expanded Abstracts},
   meeting = {74th Annual International Meeting, SEG},
   publisher = {Soc. of Expl. Geophys.},
   pages={1053--1056}
}

@incollection{XieWu.adcig,
   author = {X[] Xie and R[] Wu},
   year={2002},
   title={Extracting angle domain information from migrated wavefield},
   booktitle = {Expanded Abstracts},
   meeting = {72nd Annual International Meeting, SEG},
   pages={1360--1363}
}

@incollection{Fomel.segabs.seislet,
   author = { S[ergey] Fomel},
   year = {2006},
   title={Towards the seislet transform},
   booktitle = {Expanded Abstracts},
   meeting = {76th Annual International Meeting, SEG},
   pages={2847--2850}
}

@Article{Fomel.geo.diffractions,
   author = {S[ergey] Fomel and E[vgeny] Landa and M[] Turner},
   title = {Poststack velocity analysis by separation and imaging of seismic diffractions},
   journal = {Geophysics},
   year = {2007},
   volume = {72},
   number = {6},
   pages = {U89--U94}
}

@incollection{Candes.report.curvelet,
   author = { E[] Candes and L[] Demanet},
   year = {2004},
   title={The curvelet representation of wave propagators is optimally sparse},
   publisher=	{California Institute of Technology},
   booktitle= {Technical Report},
   pages={}
}

% ------------------------------------------------------------

% ------------------------------------------------------------

@article{Fink:1999,
   author = {M[athias] Fink},
   title = {Time-Reversed Acoustics},
   journal = {Scientific American},
   volume = {281},
   year = {1999},
   pages = {91--97}
}

@ARTICLE{Borcea.IP.2006,
   author = {L[iliana] Borcea and G[eorge] Papanicolaou and C[hrysoula] Tsogka},
   title = {Adaptive interferometric imaging in clutter and optimal illumination},
   journal = {Inverse Problems},
   volume = {22},
   number = {},
   year = {2006},
   pages= {1405--1436}
}
  
@ARTICLE{Borcea.Multiscale.2006,
   author = {L[iliana] Borcea and G[eorge] Papanicolaou and C[hrysoula] Tsogka},
   title = {Coherent interferometry in finely layered random media},
   journal = {SIAM Journal on Multiscale Modeling and Simulation},
   volume = {5},
   number = {1},
   year = {2006},
   pages = {62--83}
}

@ARTICLE{Borcea.IP.2005,
   author = {L[iliana] Borcea and G[eorge] Papanicolaou and C[hrysoula] Tsogka},
   title = {Interferometric array imaging in clutter},
   journal = {Inverse Problems},
   volume = {21},
   number = {},
   year = {2005},
   pages= {1419--1460}
}

@ARTICLE{Borcea.GEO.2006,
   author = {L[iliana] Borcea and G[eorge] Papanicolaou and C[hrysoula] Tsogka},
   title = {Coherent interferometric imaging in clutter},
   journal = {Geopysics},
   volume = {71},
   number = {4},
   year = {2006},
   pages= {SI165--SI175}
}

@ARTICLE{Asch:1991,
   title = {Frequency content of randomly scattered signals},
   author = {M[] Asch and W[] Kohler and G[] Papanicolaou and M[] Postel and B[] White},
   journal = {SIAM Rev.},
   volume = {33},
   year = {1991},
   pages = {519--625}
}

@Book{Dussaud.2005,
   author={E[] Dussaud},
   year={2005},
   publisher={Ph.D. Thesis, Rice University},
   title={Velocity analysis in the presence of uncertainty}
}

@ARTICLE{Snieder.coda.2006,
   title = {The theory of Coda wave interferometry},
   author = {R[] Snieder},
   journal = {Pure and Applied Geophysics},
   volume = {163},
   year = {2006},
   pages = {455--473}
}

@ARTICLE{Papanicolaou:2004,
  title = {Statistical stability in time reversal},
  author = {G[] Papanicolaou and L[] Ryzhik and K[] Solna},
  journal = {SIAM J. Appl. Math.},
  volume = {64},
  year = {2004},
  pages = {1133--1155}
}

@ARTICLE{Fouque:2005,
  title = {Time reversal refocusing for point source in randomly layered media},
  author = {J[] Fouque and J[] Garnier and A[] Nachbin and K[] Solna},
  journal = {Wave Motion},
  volume = {42},
  year = {2005},
  pages = {191--288}
}

@article{JPFOVP2006,
  author = {J[] Fouque and O[] Poliannikov},
  title = {Time Reversal Detection in One-Dimensional Media},
  journal ={Inverse Problems},
  volume = {22},
  year = {2006},
  pages = {903--922}}

@inproceedings{ShenSymes.segab.2005,
  author = {P[eng] Shen and W[illiam] Symes and S[cott] Morton and H[enri] Calandra},
  title = {Differential semblance velocity analysis via shot profile migration},
  year = {2005},
  booktitle = {Expanded Abstracts},
  meeting = {74th Annual International Meeting, SEG},
  pages = {2249--2253}
}

@Article{BiondiSymes.adcig,
   author = { B[iondo] Biondi and W[illiam] Symes},
   title = {Angle-domain common-image gathers for migration velocity analysis by wavefield-continuation imaging},
   journal = {Geophysics},
   year = {2004},
   volume = {69},
   number = {},
   pages = {1283--1298}
}

@Article{Symes.gpr2009.velocity,
   author = { W[illiam] Symes},
   title = {Migration velocity analysis and waveform inversion},
   journal = {Geophysical Prospecting},
   year = {2009},
   volume = {56},
   number = {},
   pages = {765--790}
}

@Article{Artman.multiples,
   author = { B[rad] Artman and G[abriel] Alvarez and K[en] Matson},
   title = {Image-space surface-related multiple prediction},
   journal = {Geophysics},
   year = {2007},
   volume = {72},
   pages = {S113--S122}
}

@Article{Artman.passive,
   author = { B[rad] Artman},
   title = {Imaging passive seismic data},
   journal = {Geophysics},
   year = {2006},
   volume = {71},
   pages = {SI117--SI187}
}

@Article{Artman.meq,
   author = { B[rad] Artman and I[gor] Podladtchikov and B[en] Witten},
   title = {Source location using time-reverse imaging},
   journal = {Geophysical Prospecting},
   year = {2010},
   volume = {58},
   pages = {861--873}
}


@Article{Wigner.wdf,
   author = {E[] Wigner},
   title = {On the quantum correction for thermodynamic equilibrium},
   journal = {Physical Review},
   year = {1932},
   volume = {40},
   number = {},
   pages = {749--759}
}

@Article{Ville.wdf,
   author = {J[] Ville},
   title = {Theorie et applications de la notion de signal analytique},
   journal = {Cables et {T}ransmissions},
   year = {1948},
   volume = {2A},
   number = {},
   pages = {61--74}
}

@Book{Etgen.thesis,
  author =       {J[ohn] Etgen},
  title =        {Residual Prestack Migration and Interval-Velocity Estimation},
  publisher =    {{PhD} thesis, {S}tanford {U}niversity},
  year =         1990
}

@Book{Fowler.thesis,
  author =       {P[aul] Fowler},
  title =        {Seismic Velocity Estimation Using Prestack Time Migration},
  publisher =    {{PhD} thesis, {S}tanford {U}niversity},
  year =         1988
}

@Book{AlYahya.thesis,
  author =       {K[amal] Al-Yahya},
  title =        {Velocity Analysis by Iterative Profile Migration},
  publisher =    {{PhD} thesis, {S}tanford {U}niversity},
  year =         1987
}

@Book{Cunha.thesis,
  author =       {C[arlos] {C}unha-{F}ilho},
  title =        {Elastic Modeling and Migration in Earth Models},
  publisher =    {{PhD} thesis, {S}tanford {U}niversity},
  year =         1992
}

@Book{Whitmore.thesis,
  author =       {N[] D[] Whitmore},
  title =        {An imaging hierarchy for common angle plane wave seismograms},
  publisher =    {{PhD} thesis, {U}niversity of {T}ulsa},
  year =         1995
}

@Book{Bolte.thesis,
  author =       {J[] Bolte},
  title =        {Estimation of focusing operators using the {C}ommon {F}ocal {P}oint method},
  publisher =    {{PhD} thesis, {U}trecht {U}niversity},
  year =         2003
}



@inproceedings{Gajewski:2007,
  author = {D[] Gajewski and D[] Anikiev and B[] Kashtan and E[] Tessmer and C[] Vanelle},
  title = {Localization of seismic events by diffraction stacking},
  year = {2007},
  booktitle = {Expanded Abstracts},
  meeting = {76th Annual International Meeting, SEG},
  pages = {1287--1291}
}

@Article{Gajewski:2005,
   author = {D[] Gajewski and E[] Tessmer},
   title = {Reverse modelling for seismic event characterization},
   journal = {Geophysical Journal International},
   year = {2005},
   volume = {163},
   number = {},
   pages = {276--284}
}

@Article{WaldhauserEllsworth:2000,
   author = {F[] Waldhauser and W[] Ellsworth},
   title = {A double-difference earthquake location algorithm: {M}ethod and application to the northern {H}ayward fault},
   journal = {Bulletin of the Seismological Society of America},
   year = {2000},
   volume = {90},
   number = {},
   pages = {1353--1368}
}

@Article{Chavaria:2003,
   author = {J[] Chavarria and P[] Malin and E[] Shalev and R[] Catchings},
   title = {A look inside the {S}an {A}ndreas {F}ault at {P}arkfield through {V}ertical {S}eismic {P}rofiling},
   journal = {Science},
   year = {2003},
   volume = {302},
   number = {},
   pages = {1746--1748}
}

@inproceedings{BrownEtAl.segab.2008,
  author = {M[organ]  Brown and J[oseph] Higginbotham and R[obert] Clapp},
  title = {Velocity model building with wave equation migration velocity focusing analysis},
  year = {2008},
  booktitle = {Expanded Abstracts},
  meeting = {77th Annual International Meeting, SEG},
  pages = {3083--3087}
}

@Article{Vasconcelos2008PRE,
   author = {I[] Vasconcelos and R[] Snieder and H[] Douma},
   title = {Representation theorems and Green's function retrieval for scattering in acoustic media},
   journal = {Phys. Rev. E},
   year = {2009},
   volume = {80},
   number = {},
   pages = {036605}
}

@inproceedings{Vasconcelos08Imaging,
  author = {I[] Vasconcelos},
  title = {Generalized representations of perturbed fields - Applications in seismic interferometry and migration},
  year = {2008},
  booktitle = {Expanded Abstracts},
  meeting = {77th Annual International Meeting, SEG},
  pages = {2927--2931}
}


@Article{LoewenthalEtal.gpr.1976,
   author = { D[] Loewenthal and L[] Lu and R[] Robertson and J[] Sherwood },
   title = {The {W}ave {E}quation applied to migration},
   journal = {Geophysical Prospecting},
   year = {1976},
   volume = {24},
   number = {},
   pages = {380--399}
}

@Article{Wapenaar06GreensSI,
   author = {K[] Wapenaar and J[] Fokkema},
   title = {Green’s function representations for seismic interferometry},
   journal = {Geophysics},
   year = {2006},
   volume = {71},
   number = {},
   pages = {SI133--SI146}
}

@inproceedings{Guitton06Artifacts,
  author = {A[] Guitton and B[] Kaelin and B[] Biondi},
  title = {Least-square Attenuation of Reverse Time Migration Artifacts},
  year = {2006},
  booktitle = {Expanded Abstracts},
  meeting = {75th Annual International Meeting, SEG},
  pages = {2348--2352}
}

@Article{Fletcher06Artifacts,
   author = {R[] Fletcher and P[] Fowler and P[] Kitchenside and U[] Albertin},
   title = {Suppressing unwanted internal reflections in prestack reverse-time migration},
   journal = {Geophysics},
   year = {2006},
   volume = {71},
   number = {},
   pages = {E79--E82}
}

@inproceedings{HallidayCurtis.seg.2009,
  author = {D[] Halliday and A[] Curtis and P[] Vermeer and C[] Strobbia and A[] Cluschenko},
  title = {Source-receiver seismic interferometry},
  year = {2009},
  booktitle = {Expanded Abstracts},
  meeting = {78th Annual International Meeting, SEG},
  pages = {4207--4210}
}

@inproceedings{Pratt.eageab.2004,
   author = {R[] G[erhard] Pratt},
   year = {2004},
   title = {Velocity models from Frequency-Domain Waveform Tomography: Past, Present and Future.},
   booktitle = {66th Conference and Exhibition of the EAGE, Paris, France},
   publisher = {EAGE}
}


@Article{SoubarasGratacos.geo.2007,
  author =       {R[] Soubaras and B[] Gratacos},
  title =        {Velocity model building by semblance maximization of modulated-shot gathers},
  journal =      {Geophysics},
  year =         2007,
  volume =       72,
  number =       5,
  pages =        {U67-U73}
}

@inproceedings{MaharramovAlbertin.segab.2007,
   author = {M[usa] Maharramov and U[we] Albertin},
   year = {2007},
   title = {Localized image-difference wave-equation tomography},
   booktitle = {Expanded Abstracts},
   meeting={75th Annual International Meeting, SEG},
   pages = {}
}

@article{VighStarr.geo.2008,
author = {Denes Vigh and E. William Starr},
collaboration = {},
title = {{3D} prestack plane-wave, full-waveform inversion},
publisher = {SEG},
year = {2008},
journal = {Geophysics},
volume = {73},
number = {5},
pages = {VE135-VE144},
keywords = {data acquisition; geophysical signal processing; geophysical techniques; inverse problems; seismology},
url = {http://link.aip.org/link/?GPY/73/VE135/1},
doi = {10.1190/1.2952623}
}

@article{Plessix.geo.2009,
author = {Rene-Edouard Plessix},
collaboration = {},
title = {Three-dimensional frequency-domain full-waveform inversion with an iterative solver},
publisher = {SEG},
year = {2009},
journal = {Geophysics},
volume = {74},
number = {6},
pages = {WCC53-WCC61},
keywords = {data acquisition; seafloor phenomena; seismic waves; seismology},
url = {http://link.aip.org/link/?GPY/74/WCC53/1},
doi = {10.1190/1.3211198}
}

@article{ZhangWang.geo.2009,
author = {Yu Zhang and Daoliu Wang},
collaboration = {},
title = {Traveltime information-based wave-equation inversion},
publisher = {SEG},
year = {2009},
journal = {Geophysics},
volume = {74},
number = {6},
pages = {WCC27-WCC36},
keywords = {elasticity; geophysical signal processing; geophysical techniques; image processing; rocks; seismic waves; seismology},
url = {http://link.aip.org/link/?GPY/74/WCC153/1},
doi = {10.1190/1.3243073}
}

@article{HaEtAl.geo.2009,
author = {Taeyoung Ha and Wookeen Chung and Changsoo Shin},
collaboration = {},
title = {Waveform inversion using a back-propagation algorithm and a {H}uber function norm},
publisher = {SEG},
year = {2009},
journal = {Geophysics},
volume = {74},
number = {3},
pages = {R15-R24},
keywords = {least squares approximations; oceanographic techniques; seismic waves; seismology; waveform analysis},
url = {http://link.aip.org/link/?GPY/74/R15/1},
doi = {10.1190/1.3112572}
}

@article{ShinHa.geo.2008,
author = {Changsoo Shin and Wansoo Ha},
collaboration = {},
title = {A comparison between the behavior of objective functions for waveform inversion in the frequency and Laplace domains},
publisher = {SEG},
year = {2008},
journal = {Geophysics},
volume = {73},
number = {5},
pages = {VE119-VE133},
keywords = {seismic waves; seismology},
url = {http://link.aip.org/link/?GPY/73/VE119/1},
doi = {10.1190/1.2953978}
}

@article{MinShin.geo.2006,
author = {Dong-Joo Min and Changsoo Shin},
collaboration = {},
title = {Refraction tomography using a waveform-inversion back-propagation technique},
publisher = {SEG},
year = {2006},
journal = {Geophysics},
volume = {71},
number = {3},
pages = {R21-R30},
keywords = {seismic waves; seismology; wave equations},
url = {http://link.aip.org/link/?GPY/71/R21/1},
doi = {10.1190/1.2194522}
}

@article{MinShin.geo.2006,
author = {Changsoo Shin and Dong-Joo Min},
collaboration = {},
title = {Waveform inversion using a logarithmic wavefield},
publisher = {SEG},
year = {2006},
journal = {Geophysics},
volume = {71},
number = {3},
pages = {R31-R42},
keywords = {geophysical techniques; seismic waves; seismology; finite difference methods; finite element analysis; seafloor phenomena},
url = {http://link.aip.org/link/?GPY/71/R31/1},
doi = {10.1190/1.2194523}
}

@article{KabirEtAl.geo.2008,
author = {Nurul Kabir and Uwe Albertin and Min Zhou and Vishal Nagassar and Einar Kjos and Phillip Whitaker and Alan Ford},
collaboration = {},
title = {Use of refraction, reflection, and wave-equation-based tomography for imaging beneath shallow gas: A Trinidad field data example},
publisher = {SEG},
year = {2008},
journal = {Geophysics},
volume = {73},
number = {5},
pages = {VE281-VE289},
keywords = {geophysical techniques; seismology; wave equations},
url = {http://link.aip.org/link/?GPY/73/VE281/1},
doi = {10.1190/1.2953064}
}


@inproceedings{LeeuwenMulder.segabs.2007,
author = {T. van Leeuwen and W. A. Mulder},
year = {2007},
title = {Data correlation for velocity inversion},
booktitle = {Expanded Abstracts},
meeting   = {77th Annual International Meeting, SEG},
pages = {1800-1804}
}

@article{ShenSymes.geo.2008,
author = {Peng Shen and William W. Symes},
collaboration = {},
title = {Automatic velocity analysis via shot profile migration},
publisher = {SEG},
year = {2008},
journal = {Geophysics},
volume = {73},
number = {5},
pages = {VE49-VE59},
keywords = {geophysical prospecting; geophysical signal processing; seismic waves; seismology},
url = {http://link.aip.org/link/?GPY/73/VE49/1},
doi = {10.1190/1.2972021}
}



@article{KorenEtAl.localAngle,
author = {Zvi Koren and Igor Ravve and Evgeny Ragoza and Allon Bartana and Paradigm Geophysical and Dan Kosloff},
collaboration = {},
title = {Full-azimuth angle domain imaging},
publisher = {SEG},
year = {2008},
journal = {SEG Technical Program Expanded Abstracts},
volume = {27},
number = {1},
pages = {2221-2225},
keywords = {anisotropy; AVO/AVA; common angle; imaging; multiazimuth},
url = {http://link.aip.org/link/?SGA/27/2221/1},
doi = {10.1190/1.3059327}
}


@article{ZhuWu.localImageMatrices,
author = {Xiaosan Zhu and Ru-Shan Wu},
collaboration = {},
title = {Imaging diffraction points using the local image matrices generated in prestack migration},
publisher = {SEG},
year = {2010},
journal = {Geophysics},
volume = {75},
number = {1},
pages = {S1-S9},
keywords = {Earth crust; geophysical techniques; seismic waves},
url = {http://link.aip.org/link/?GPY/75/S1/1},
doi = {10.1190/1.3277252}
}



@article{Wu.directionalIllumination,
author = {Ru-Shan Wu and Ling Chen},
collaboration = {},
title = {Directional illumination analysis using beamlet decomposition and propagation},
publisher = {SEG},
year = {2006},
journal = {Geophysics},
volume = {71},
number = {4},
pages = {S147-S159},
keywords = {seismic waves; wavelet transforms; image processing; Green's function methods},
url = {http://link.aip.org/link/?GPY/71/S147/1},
doi = {10.1190/1.2204963}
}



@article{rentsch:S33,
author = {S. Rentsch and S. Buske and S. L\"{u}th and S. A. Shapiro},
collaboration = {},
title = {Fast location of seismicity: A migration-type approach with application to hydraulic-fracturing data},
publisher = {SEG},
year = {2007},
journal = {Geophysics},
volume = {72},
number = {1},
pages = {S33-S40},
keywords = {seismology; ray tracing; geophysical techniques},
url = {http://link.aip.org/link/?GPY/72/S33/1},
doi = {10.1190/1.2401139}
}

@Article{Plessix.gji2006.asm,
   author = {R[]-E[] Plessix},
   title = {A review of the adjoint state method for computing the gradient of a functional with geophysical applications},
   journal = {Geophysical Journal International},
   year = {2006},
   volume = {167},
   number = {},
   pages = {495--503}
}

@Article{LeeuwenMulder.gji2010.cof,
   author = {T[] van Leeuwen and W[] A[] Mulder},
   title = {A correlation-based misfit criterion for wave-equation traveltime tomography},
   journal = {Geophysical Journal International},
   year = {2010},
   volume = {182},
   number = {},
   pages = {1383--1394}
}

@article{thomsen:40,
author = {Leon Thomsen},
collaboration = {},
title = {Seismic anisotropy},
publisher = {SEG},
year = {2001},
journal = {Geophysics},
volume = {66},
number = {1},
pages = {40-41},
url = {http://link.aip.org/link/?GPY/66/40/1},
doi = {10.1190/1.1444917}
}
