@article{BerengerPML,
title = "A perfectly matched layer for the absorption of electromagnetic waves ",
journal = "Journal of Computational Physics ",
volume = "114",
number = "2",
pages = "185 - 200",
year = "1994",
note = "",
issn = "0021-9991",
doi = "10.1006/jcph.1994.1159",
url = "http://www.sciencedirect.com/science/article/pii/S0021999184711594",
author = "Jean-Pierre Berenger"
}

@article{Fornberg88,
    author = {Fornberg, Bengt},
    doi = {10.2307/2008770},
    issn = {00255718},
    journal = {Mathematics of Computation},
    keywords = {numerical\_analysis},
    number = {184},
    pages = {699--706},
    posted-at = {2009-03-26 19:09:35},
    priority = {2},
    publisher = {American Mathematical Society},
    title = {{Generation of Finite Difference Formulas on Arbitrarily Spaced Grids}},
    url = {http://dx.doi.org/10.2307/2008770},
    volume = {51},
    year = {1988}
}


@manual{notesPML,
    author = {Johnson, Steven G.},
    keywords = {perfectly\_matched\_layer},
    posted-at = {2012-06-25 14:15:58},
    priority = {2},
    title = {{Notes on Perfectly Matched Layers (PMLs)}},
    year = {2010}
}

@inproceedings{pluto,
  title={2D elastic model for wavefield investigations of subsalt objectives, deep water Gulf of Mexico},
  author={Stoughton, D and Stefani, J and Michell, S},
  booktitle={2001 SEG Annual Meeting},
  year={2001}
}
