@TECHREPORT{Pedro_dt,
    author = {Pedro F. Felzenszwalb and Daniel P. Huttenlocher},
    title = {Distance transforms of sampled functions},
    institution = {Cornell Computing and Information Science},
    year = {2004}
}
@article{guitton_galilee,
author = {Guitton, A. and Claerbout, J.},
title = {Interpolation of bathymetry data from the Sea of Galilee: A noise attenuation problem},
journal = {GEOPHYSICS},
volume = {69},
number = {2},
pages = {608-616},
year = {2004},
doi = {10.1190/1.1707081},

URL = {http://library.seg.org/doi/abs/10.1190/1.1707081},
eprint = {http://library.seg.org/doi/pdf/10.1190/1.1707081}
}


@article{park,
author = {Sung W. Park and Lars Linsen and Oliver Kreylos and John D. Owens and Bernd Hamann},
title = {Discrete Sibson Interpolation},
journal ={IEEE Transactions on Visualization and Computer Graphics},
volume = {12},
issn = {1077-2626},
year = {2006},
pages = {243-253},
doi = {http://doi.ieeecomputersociety.org/10.1109/TVCG.2006.27},
publisher = {IEEE Computer Society},
address = {Los Alamitos, CA, USA},
}
@book{claerbout_gee,
	Author = {Jon F. Claerbout},
	Date-Added = {2012-12-08 06:25:45 +0000},
	Date-Modified = {2012-12-08 06:27:02 +0000},
	Publisher = {ahay.org},
	Title = {IMAGE ESTIMATION BY EXAMPLE Geophysical Soundings Image Construction},
	Year = {2008}}
