%% This BibTeX bibliography file was created using BibDesk.
%% http://bibdesk.sourceforge.net/


%% Created for Esteban DÃ­az at 2012-12-07 23:28:30 -0700 


%% Saved with string encoding Unicode (UTF-8) 



@book{claerbout_gee,
	Author = {Jon F. Claerbout},
	Date-Added = {2012-12-08 06:25:45 +0000},
	Date-Modified = {2012-12-08 06:27:02 +0000},
	Publisher = {ahay.org},
	Title = {IMAGE ESTIMATION BY EXAMPLE Geophysical Soundings Image Construction},
	Year = {2008}}
